1650 2542
758 129 1010 163 —108—

330 219 444 251 Christi
469 229 613 260 sponsam
637 224 729 261 atque
749 222 841 253 tersit

373 265 518 297 Sanctum
542 276 599 306 per
622 268 829 309 Ieronymum,

328 311 434 343 Virtus
459 314 574 344 caelica
596 314 730 345 laetatur

371 359 472 389 Aucta
495 360 551 390 tali
576 368 729 400 compare,

326 403 432 435 Virtus
455 405 539 436 cuius
564 408 736 437 ostentatur

369 450 430 480 Tot
453 451 608 489 signorum
631 452 750 483 iubare.

385 550 444 581 Ad
468 551 730 584 Matutinum.

448 613 655 642 Invitatorium.

320 670 508 708 Angelorum
532 680 589 709 pro
614 672 740 704 concive

366 715 487 747 Celebri
516 717 678 756 Ieronymo

319 761 486 793 Iubilemus
510 772 592 794 nunc
611 762 722 796 festive

364 807 487 839 Summo
512 808 634 841 Christo
660 810 801 842 Domino.

362 909 407 940 In
433 911 463 942 1.
489 910 546 942 No
558 914 676 943 cturn
687 921 715 944 0.

457 973 646 1008 Antiphonae.

262 1028 292 1058 1.
318 1027 446 1060 Romam
469 1031 621 1062 scandens
645 1033 694 1063 vir
717 1033 825 1064 beatus

361 1074 476 1105 Christi
500 1079 586 1107 veste
611 1078 751 1119 cingitur,

314 1119 406 1151 Clara
428 1120 491 1153 fide
510 1122 671 1155 roboiatus

358 1165 453 1198 Sacro
477 1166 563 1199 fonte
585 1169 724 1212 tingitur⁷

311 1211 405 1243 Secus
430 1211 561 1245 fontium
588 1216 733 1247 decursus

357 1257 422 1289 Sita
446 1268 531 1291 mens
555 1262 720 1301 Ieionymi‚

311 1302 385 1334 Sese
408 1305 523 1337 vehens
547 1315 670 1346 semper
693 1318 812 1340 sursum

358 1350 428 1381 Stat
449 1351 483 1381 in
506 1352 574 1391 lege
597 1353 731 1385 Domini.

252 1404 282 1434 2.
309 1402 446 1443 Sumpsit
468 1406 512 1437 ibi
536 1408 712 1439 rudimenta

353 1450 448 1482 Trino
473 1451 593 1491 pollens
617 1453 741 1498 famine,

306 1495 420 1527 Hausit
446 1499 558 1530 artium
581 1499 698 1532 fluenta

351 1542 442 1573 Dulci
468 1552 535 1575 cum
560 1547 726 1589 solamine3

305 1587 341 1618 In
365 1597 454 1627 quem
478 1594 583 1630 gentes
606 1591 806 1636 fremuerunt,

347 1635 481 1673 Quarum
504 1638 590 1677 rupit
609 1639 774 1681 vinculum,

303 1680 411 1720 Iugum
433 1682 541 1713 harum
561 1684 643 1723 iecit,
670 1684 773 1718 ferunt

349 1728 432 1758 Hinc
454 1727 528 1759 fidei
553 1730 714 1769 cingulum.

246 1781 277 1812 3.
301 1780 476 1813 Literarum
504 1793 563 1823 quo
588 1786 702 1825 adepto

346 1828 573 1861 Mandanarum
599 1833 701 1864 studio

302 1873 392 1904 Omni
417 1876 499 1907 cavit
521 1876 559 1908 ab
583 1878 688 1917 inepto

346 1921 493 1953 Haeresis
517 1924 662 1965 colludio,

300 1966 420 1998 Multae
443 1970 581 2007 quamvis
607 1971 687 2003 hunc
708 1973 836 2005 circum-

618 2018 703 2060 dant,

347 2058 416 2089 Non
441 2058 589 2092 formidat
611 2064 698 2096 milia

301 2102 419 2144 Gentis,
443 2105 504 2144 ipsi
527 2116 596 2138 nam
623 2110 781 2143 abundant

345 2150 468 2183 Caelica
492 2155 628 2189 consilia.

430 2235 630 2269 Responsoria.

242 2288 272 2320 1.
294 2290 386 2321 Alme
410 2294 509 2335 pater,
532 2294 582 2332 qui
603 2297 734 2329 sacrista

342 2336 505 2370 Sacrorum
531 2341 758 2385 charismatum,

990 224 1038 255 Tu
1061 225 1093 256 in
1118 224 1232 256 scholis
1258 234 1290 257 es
1312 226 1424 267 legista

1036 271 1219 303 Divinorum
1251 272 1437 313 dogmatum,

991 316 1087 356 Opem
1116 326 1239 357 semper
1259 328 1392 359 sponsae
1417 320 1533 352 Christi

1035 364 1101 395 Tuo
1132 363 1180 395 fer
1204 366 1392 408 precamine,

989 409 1085 448 Quam
1111 411 1260 442 doctrinis
1286 414 1319 442 tu
1343 411 1450 444 fovisti

1032 456 1146 488 Flante
1169 466 1287 489 summo
1311 457 1453 498 flamine3

948 528 955 534 .
985 501 1050 534 Nos
1074 507 1223 543 purgatos
1247 513 1267 535 a
1289 506 1428 543 peccatis

1033 548 1155 580 Christo
1178 558 1268 581 sacro
1292 552 1451 592 sanguine,

984 594 1060 635 Fac,
1086 604 1248 635 regnemus
1274 606 1343 628 cum
1368 598 1468 629 beatis

1031 642 1069 673 In
1093 644 1270 674 sanctorum
1294 645 1425 683 agmine.

950 740 957 747 .
984 714 1091 746 Sancti
1114 716 1282 748 claustrum
1304 718 1524 759 introgressus,

1030 762 1142 793 Planta
1165 763 1266 794 laesus
1291 765 1416 803 acriter,

982 807 1106 847 Lugens
1127 808 1176 839 leo
1201 811 1295 848 atque
1319 808 1430 853 fessus,

1027 854 1124 885 Lotus
1150 855 1203 894 qui
1226 855 1369 887 hilariter

978 899 1038 930 Est
1059 901 1212 932 medelam
1237 906 1429 944 consecutus,

1026 946 1166 978 Mitescit
1189 948 1395 991 saevissimus,

980 991 1035 1023 Fit
1056 994 1153 1024 asello
1177 994 1223 1025 sic
1245 995 1382 1026 imbutus

1025 1039 1157 1070 Curator
1181 1041 1370 1082 tutissimus;

939 1110 945 1116 .
975 1085 1070 1124 Quem
1089 1094 1156 1116 cum
1181 1087 1307 1125 quidam
1332 1088 1518 1128 abegissent,

1021 1131 1123 1171 Ligna
1145 1132 1194 1163 leo
1220 1133 1342 1172 detulit,

976 1177 1076 1217 Quos,
1113 1179 1153 1209 ad
1183 1179 1350 1210 claustrum
1376 1189 1443 1211 011111
1468 1191 1517 1213 10-

1295 1226 1422 1267 (11550111,

1021 1269 1157 1308 Rugiens
1183 1271 1230 1302 110
1254 1273 1411 1311 compulit.

941 1365 948 1373 .
974 1342 1093 1381 Corpus
1114 1345 1253 1383 pendent
1279 1347 1475 1378 exhumatum

1015 1389 1175 1428 Nusquam
1197 1394 1314 1424 tactum
1338 1394 1473 1437 publice,

973 1435 1049 1466 Post
1078 1436 1238 1468 decessum
1263 1441 1309 1469 est
1332 1440 1467 1471 locatum

1015 1482 1053 1513 In
1078 1491 1134 1514 ara
1156 1483 1295 1524 mirifice,

970 1526 1030 1558 Sex
1056 1531 1087 1559 et
1111 1529 1217 1561 decem
1241 1531 1400 1563 obcaecati

1015 1573 1132 1606 Lumen
1157 1579 1232 1607 tunc
1255 1583 1456 1618 recuperant,

967 1619 1010 1650 Et
1034 1620 1153 1652 obsessi
1174 1625 1306 1655 catenati

1013 1666 1091 1698 Tres
1115 1668 1227 1699 salvati
1251 1668 1393 1710 fuerant3

898 1709 934 1743 V.
964 1711 1064 1743 Natus
1087 1714 1201 1746 viduae
1226 1724 1421 1756 compressus

1010 1758 1134 1791 Foveae
1159 1762 1366 1804 coniungitur,

965 1804 1143 1837 Triduanus
1168 1806 1254 1839 fossa
1277 1818 1403 1848 pressus

1010 1851 1082 1884 Vita
1105 1862 1210 1886 secum
1234 1853 1384 1895 fungitur.

1024 1982 1069 2013 In
1096 1985 1127 2015 2.
1153 1984 1376 2018 Nocturno.

1105 2066 1296 2101 Antiphonae.

909 2118 938 2149 1.
967 2118 1061 2156 Quem
1087 2121 1226 2153 adversis
1250 2123 1433 2156 tribulatum

1006 2165 1155 2198 Dominus
1179 2169 1335 2210 mirificat,

959 2211 1054 2243 Vultu
1078 2222 1194 2253 suoque
1217 2216 1370 2257 signatum

1006 2258 1143 2292 Caelitus
1166 2262 1325 2304 laetificat,

956 2305 1155 2338 Invocantem
1180 2310 1340 2343 exaudivit

1003 2351 1128 2384 Extulit
1150 2355 1359 2397 1eronymum,
