1650 2542
733 117 984 154 -175—

203 197 240 225 ad
296 200 384 228 atiam
403 202 441 229 A.
462 218 498 223 —
519 204 540 230 Α
562 204 587 239 5,
608 205 626 233 2
647 208 718 236 Inde
737 211 826 237 sumit
837 211 870 238 B.
889 227 926 231 —
946 211 967 239 R
987 212 1012 248 4,
1034 213 1052 242 5
1071 216 1163 251 Fuget
1176 218 1208 244 B.
1228 232 1263 236 —
1283 220 1322 246 In
1342 217 1367 245 2.
1387 220 1485 248 Noct.

203 232 226 260 Α
252 208 319 270 ξτ4
341 238 439 273 Ipsum
459 241 530 269 facit
547 243 580 270 Β.
606 259 643 264 —-
667 246 709 273 In
733 244 759 274 3.
778 248 878 276 Noct.
908 248 928 276 R
951 250 974 284 1,
997 249 1014 279 3
1033 252 1073 279 Et
1092 253 1141 281 des
1161 255 1238 282 facta
1258 256 1292 283 A.
1317 271 1353 275 —
1381 255 1401 283 R
1422 257 1448 291 2,
1468 258 1485 286 5

201 272 360 302 Iohannem
380 277 414 303 A.
441 292 477 296 —
504 277 524 304 Β
547 278 574 311 4,
597 279 614 308 3
635 283 701 319 Ang

703 283 763 311 elus
783 284 816 311 A.
836 302 872 306 —
891 288 931 314 In
950 289 1061 316 Laud.
1083 290 1101 315 Α
1120 289 1146 322 4,
1171 290 1184 318 1
1206 301 1257 319 ora
1274 294 1347 320 fehlt
1365 295 1422 322 AB.
1448 311 1486 315 ——

199 310 241 337 In
264 308 290 336 2.
316 313 422 349 Vesp.
444 313 465 340 Α
492 313 517 350 3,
542 316 554 343 1
581 318 681 346 laudat
705 320 737 347 B.
763 335 799 340 —-
828 323 872 350 Ad
897 325 994 361 Magn.
1023 326 1049 360 Α,
1070 325 1087 355 3
1111 328 1184 355 fehlt
1209 329 1272 357 dem
1297 330 1385 359 Sinne
1410 334 1484 360 nach

201 346 373 383 Adoptionis
393 350 478 379 filios.

661 483 699 514 61.
729 485 771 516 De
789 488 894 519 sancto
911 489 1027 530 loseph.

334 566 379 597 In
406 567 436 598 1.
464 569 675 610 Vesperis.

407 649 599 685 Antiphonae.

209 712 240 744 1.
266 713 382 753 Ioseph
407 719 532 748 exortus
556 720 643 758 regia

311 760 359 791 Dc
384 762 484 801 stirpe
507 765 718 807 praedicatur,

264 805 385 846 Dignus
409 809 506 848 regali
532 811 632 849 gloria

311 854 348 884 In
373 855 468 885 caelis
494 858 723 896 comprobatur.

207 918 238 947 2.
265 917 344 948 Nam
371 927 501 957 sponsus
527 924 596 952 erat
619 923 757 962 virginis,

309 964 394 1002 Quae
420 967 498 997 caeli
527 970 574 998 est
598 969 714 1009 regina,

259 1010 364 1041 Mater
386 1011 446 1043 Dei
472 1015 503 1043 et
528 1013 660 1046 hominis

303 1056 346 1087 Et
374 1059 482 1090 mundi
506 1061 671 1093 medicina.

205 1121 236 1152 3.
263 1120 365 1153 Senex
391 1131 503 1161 expers
528 1125 669 1157 libidinis

305 1167 446 1199 Puellam
473 1170 684 1212 desponsavit,

257 1213 302 1244 Et
321 1214 421 1245 virtus
446 1216 528 1246 sacri
552 1216 685 1249 flaminis

301 1259 368 1291 Hos
394 1262 539 1302 coniuges
560 1265 705 1297 sacravit.

199 1325 230 1357 4.
258 1324 332 1355 Sine
357 1326 476 1357 carnali
502 1329 613 1366 copula

303 1371 485 1411 Coniugium
510 1378 662 1414 servatur,

256 1417 299 1448 Et
324 1426 449 1456 germen
474 1420 541 1450 sine
565 1423 687 1453 macula

298 1463 444 1495 Divinum
470 1470 663 1504 procreatur.

194 1528 225 1559 5.
252 1528 340 1559 Haec
364 1529 454 1567 plebs
477 1531 578 1562 Deum
603 1535 782 1573 magnificat

297 1575 359 1606 Pro
384 1576 499 1615 loseph
525 1578 684 1621 dignitate,

251 1621 309 1658 Qui
333 1631 481 1660 sponsum
500 1623 656 1658 Christum
674 1630 795 1668 typicat

294 1668 331 1699 ln
356 1677 413 1699 sua
438 1671 591 1703 castitate.

362 1761 408 1788 Ad
427 1762 603 1799 Mag-nificat.

172 1826 213 1858 A.
245 1825 364 1865 Gaude,
390 1829 514 1868 Ioseph,
540 1830 586 1862 fili
611 1834 725 1874 David,

244 1872 339 1911 Quem
365 1876 428 1905 tam
453 1884 564 1916 magno
591 1879 749 1912 decoravit

288 1919 373 1951 Deus
398 1922 572 1962 privilegio,

241 1966 286 1998 Ut
309 1967 352 1998 sis
376 1977 451 1999 suae
474 1970 583 2001 matris
609 1975 722 2012 custos,

241 2013 444 2053 Computatus
468 2016 551 2048 inter
574 2017 691 2059 iust0s3

286 2060 423 2093 Credens
448 2062 508 2094 Dei
536 2065 644 2096 nuntio

239 2106 309 2138 Non
334 2108 485 2148 relinquis
512 2110 743 2155 desponsatam,

237 2153 300 2185 Sed
322 2154 355 2185 in
380 2154 443 2187 fide
469 2158 715 2191 commendatam

283 2200 460 2234 Observans
487 2213 694 2246 puerperam;

235 2247 374 2279 Obsecra
399 2249 522 2281 Mariae
545 2254 662 2292 natum,

236 2294 280 2327 Ut
302 2302 336 2325 se
360 2295 449 2326 nobis
475 2297 528 2328 det
552 2299 708 2337 placatum

282 2340 444 2374 Collocans
469 2345 509 2376 ad
534 2345 704 2380 dexteram.

998 580 1059 611 Ad
1084 581 1342 618 Matutinum.

1068 664 1279 692 Invitatorium.

935 728 1050 767 Ioseph
1078 729 1176 761 iustus
1202 732 1341 772 vigilavit

981 774 1018 805 111
1046 775 1158 807 timore
1181 777 1316 818 Domini,

937 819 1061 852 Christo
1085 825 1158 854 nato
1183 824 1330 856 iubilavit

982 866 1211 906 congaudendo
1237 871 1358 911 virgini.

992 986 1037 1017 In
1064 988 1094 1019 1.
1117 988 1342 1023 Nocturno.

1072 1070 1263 1106 Antiphonae.

874 1133 903 1165 1.
930 1134 1099 1173 Impiorum
1132 1139 1293 1170 consilium

974 1180 1090 1213 Beatus
1115 1183 1164 1214 vir
1188 1185 1340 1227 despexit,

929 1227 958 1258 A
983 1228 1088 1259 verbis
1112 1231 1345 1270 malignantium

974 1273 1130 1312 Sponsam
1156 1285 1242 1308 suam
1265 1282 1412 1318 protexit.

868 1338 899 1370 2.
930 1337 1013 1369 Dum
1032 1338 1186 1372 Christum
1213 1346 1317 1376 natum
1337 1347 1471 1384 perdere

975 1384 1118 1417 Herodes
1144 1389 1300 1430 cogitavit,

923 1430 1016 1462 Hunc
1039 1432 1072 1463 in
1096 1435 1274 1474 Aegyptum
1300 1446 1436 1477 propere

969 1476 1100 1510 Sanctus
1125 1481 1239 1521 Ioseph
1263 1485 1409 1521 portavit.

865 1542 895 1574 3.
921 1541 971 1573 De
994 1551 1089 1582 regno
1113 1554 1168 1576 suo
1193 1545 1274 1578 filius

964 1589 1087 1621 Mariae
1110 1592 1303 1636 profugatur,

922 1634 989 1666 Nee
1012 1641 1187 1670 murmurat
1211 1642 1351 1681 egregius

964 1682 1078 1722 10sep11
1107 1685 1178 1716 dum
1203 1688 1377 1722 comitatur.

1052 1767 1255 1803 Responsoria.

863 1821 891 1854 1,
918 1820 999 1852 Dum
1025 1823 1112 1863 virgo
1138 1829 1242 1858 votum
1267 1827 1397 1870 faceret,

915 1867 960 1899 Ut
984 1869 1085 1901 virum
1112 1881 1174 1903 non
1198 1875 1364 1915 acciperet,

962 1915 1094 1948 Praesul
1122 1921 1232 1958 templi
1257 1922 1409 1965 tristatur,

914 1960 1013 1992 Orans
1040 1963 1137 1995 Deum
1164 1968 1326 2008 consuluit,

913 2007 987 2045 Quis
1014 2009 1203 2049 desponsare
1229 2014 1334 2047 debuit

958 2055 1107 2100 Puellam,
1134 2060 1308 2093 revelatur:

841 2099 878 2133 V,
909 2099 967 2138 Qui
992 2105 1078 2134 tenet
1101 2109 1256 2144 sceptrum
1283 2109 1423 2150 virgulae

908 2146 1076 2189 Florentis,
1102 2151 1154 2183 hic
1176 2155 1334 2192 puellulae

957 2194 1017 2226 Pro
1043 2205 1157 2236 sponso
1185 2202 1358 2237 comitatur.

851 2259 882 2290 2.
907 2259 1041 2308 Accepit
1068 2263 1182 2304 Ioseph
1207 2267 1358 2307 virginem

907 2306 1033 2338 Nullam
1058 2309 1176 2343 habens
1200 2313 1373 2356 libidinem,

953 2354 1134 2396 Praeceptis
1158 2361 1328 2403 pariturus,
