1650 2542
181 211 213 244 2.
239 209 440 244 Ornamentis
467 214 630 248 decoratus

288 258 446 291 Virtutum
473 260 521 292 vir
545 262 671 295 inclitus

238 303 422 342 Upsalensis
449 308 647 345 praesulatus

286 350 416 382 Plebem
440 353 523 384 rexit
545 355 699 393 primitus.

185 415 203 446 3
239 414 372 447 Sanctus
396 416 511 448 Ericus
538 418 671 450 dulciter

288 461 356 493 Rex
381 464 558 501 praesulem
584 465 702 508 dilexit,

241 507 337 545 Quem
362 508 496 542 Domino
523 510 659 542 fideliter

286 554 471 587 Ministrare
496 559 668 596 conspexit.

181 620 213 650 4.
238 619 262 650 O
288 628 379 657 quam
406 619 492 661 felix,
518 623 659 662 ecclesia,

285 665 356 696 Hoc
380 669 471 704 patre
494 668 642 708 spiritali,

241 711 338 749 Quam
365 711 442 744 felix
467 722 545 756 eras,
574 716 694 753 suecia,

287 758 366 798 Regi
391 759 532 791 subiecta
554 761 620 793 tali.

186 824 216 854 5.
243 822 310 854 Hos
334 826 484 862 patronos
508 827 627 863 pariter

284 869 376 913 Laeti
403 878 596 914 veneremur,

238 915 285 948 Ut
309 924 376 946 cum
401 915 451 946 his
478 919 658 957 perenniter

284 962 320 993 In
346 962 440 993 caelis
465 964 672 996 collaetemur.

352 1053 398 1080 Ad
417 1054 593 1089 Magnificat.

170 1108 209 1139 A.
242 1108 420 1140 Gloriosum
443 1110 622 1150 pontificem

240 1155 420 1199 Henricum,
446 1160 519 1195 post
542 1159 745 1197 multiplicem

241 1201 403 1240 Virtutem,
430 1212 491 1242 qua
514 1202 664 1242 refloruit,

237 1248 298 1279 Per
323 1251 461 1288 mortem,
489 1258 579 1289 quam
605 1252 767 1283 stustinuit

238 1294 394 1325 Victorem
420 1296 505 1327 vexit
527 1296 623 1328 hodie

239 1339 380 1372 Christus
404 1342 436 1373 in
461 1343 609 1382 templum
635 1344 762 1383 gloriae.

299 1461 360 1491 Ad
386 1461 640 1494 Matutinum.

364 1543 575 1571 Invitatorium.

235 1598 437 1630 Exsultemus
461 1600 492 1631 in
518 1600 646 1632 Henrici

280 1645 376 1676 Sacro
401 1647 552 1689 natalitio,

232 1691 270 1722 In
296 1701 355 1730 quo
380 1692 489 1724 laudes
513 1695 581 1725 Deo
608 1694 670 1725 dici

279 1738 436 1770 Gondecet
459 1740 489 1770 in
516 1741 640 1780 gaudie.

288 1858 333 1889 In
360 1859 390 1891 1.
417 1859 643 1894 Nocturno.

369 1942 559 1977 Antiphonae.

172 1997 202 2031 1.
231 1997 379 2030 Sanctum
403 1999 532 2030 Ericum
556 2000 706 2032 comitans

277 2045 411 2078 Sanctus
428 2047 553 2086 praesul
570 2046 772 2079 Finlandiam

228 2092 351 2131 Adivit‚
378 2092 445 2123 illic
464 2093 603 2124 militans

275 2139 392 2170 Bonam
421 2139 536 2171 Christi
561 2140 714 2173 militiam.

167 2205 198 2236 2.
224 2203 410 2236 Doctrinam
436 2206 645 2245 evangelicam

270 2251 471 2282 Annuntians
495 2253 674 2294 gentilibus,

224 2297 374 2329 Patenter
399 2298 481 2329 viam
507 2299 654 2332 caelicam

272 2345 519 2377 Demonstrabat
543 2346 729 2380 errantibus,

787 123 831 157 93
880 143 922 148 —

850 221 880 252 3.
905 220 948 252 Ut
974 218 1097 251 Christo
1123 217 1301 250 lucrifaciat

954 265 1069 297 Gentes
1093 265 1310 304 idolatrantes‚

907 311 978 343 Non
1002 312 1100 351 timet,
1125 320 1165 342 nc
1189 311 1328 342 inveniat

954 358 1070 389 Multos
1094 367 1129 389 se
1152 358 1346 389 tribulantes.

1041 431 1242 466 Responsoria.

875 513 883 520 .
909 488 1021 520 Omnes
1046 490 1152 527 gentes
1175 487 1314 528 iubilate,

908 533 976 565 Deo
1002 534 1079 565 caeli
1104 534 1268 575 exsultate,

957 580 1100 611 Gaudeat
1121 579 1299 620 Finlandia,

909 625 999 657 Laeti
1025 626 1122 657 Deum
1149 626 1323 657 collaudate

908 672 953 703 Et
975 672 1105 703 Henrici
1135 673 1289 704 celebrate

953 718 1053 750 Laeta
1077 719 1227 750 natalitIa.

906 764 967 795 Hic
992 764 1106 796 effulsit
1130 765 1292 797 honestate

907 810 1039 853 Morum,
1067 811 1155 843 verbi
1180 812 1311 843 veritate

952 858 1045 889 Vitae
1065 858 1276 889 sanctimonia.

872 934 878 940 .
909 913 1039 944 Sanctus
1064 913 1223 944 cuiusdam
1245 914 1334 953 impii

951 959 1125 999 Redarguit
1149 960 1319 998 saevitiam,

906 1004 950 1036 Ut
972 1013 1043 1036 reus
1068 1005 1228 1036 homicidii

950 1051 1077 1083 Subiret
1103 1051 1326 1090 paenitentiam

904 1096 947 1127 Et
971 1097 1131 1135 paenitens
1155 1096 1265 1137 flagitii

952 1143 1197 1182 Consequeretur
1222 1144 1353 1183 veniam,

902 1189 960 1227 Qui
984 1189 1118 1220 salubris
1143 1191 1276 1222 remedii

949 1235 1076 1274 Sprevit
1098 1235 1208 1267 infelix
1234 1237 1376 1277 gratiam.

870 1315 875 1319 .
903 1291 1113 1329 lmpaenitens
1136 1292 1276 1323 malitiae

904 1337 960 1367 Vir
984 1337 1165 1376 sanguinum
1189 1339 1341 1369 ecelesiae

947 1382 1104 1421 Dcspecta
1129 1384 1295 1423 disciplina

897 1429 934 1460 In
958 1429 1133 1460 ministrum
1157 1430 1295 1462 iustitiae

901 1474 1006 1506 Ferox
1030 1474 1108 1506 furit
1133 1481 1165 1508 et
1188 1477 1275 1508 rabie

949 1521 1071 1553 Occidit
1094 1523 1177 1554 hunc
1199 1522 1315 1562 ferina3

832 1567 869 1598 V.
902 1567 954 1598 Sic
979 1576 1047 1599 cum
1071 1570 1176 1608 palma
1200 1570 1350 1601 victoriae

901 1615 1032 1646 Praesul
1055 1615 1186 1647 intravit
1210 1616 1303 1648 hodie

944 1661 1068 1692 Palatia
1094 1662 1209 1694 divina.

955 1782 1000 1813 In
1027 1784 1058 1814 2.
1085 1782 1311 1816 Nocturno.

1047 1855 1239 1890 Antiphonae.

842 1911 872 1945 1.
900 1912 1011 1943 Pastor
1036 1912 1133 1943 bonus
1158 1914 1312 1945 veraciter

947 1959 1061 1990 Curam
1085 1959 1187 1998 gregis
1213 1961 1359 1992 dominici

900 2003 1005 2035 Gessit
1029 2004 1271 2044 perfectibiliter

943 2052 981 2082 ln
1006 2052 1115 2084 labore
1138 2053 1313 2093 multiplici.

842 2109 871 2139 2.
897 2106 1021 2140 Affectu
1046 2108 1245 2141 devotissimo

946 2153 1062 2186 Crebra
1087 2165 1155 2186 cum
1180 2157 1331 2189 instantia

897 2199 1054 2232 Offerebat
1078 2203 1229 2235 altissimo

942 2248 1072 2279 Precum
1097 2249 1261 2282 sacrificia.

838 2303 867 2334 3.
895 2301 990 2334 Suum
1016 2304 1101 2336 Deus
1127 2306 1286 2338 exaudivit

940 2349 1098 2384 Devotum
1122 2357 1317 2392 precatorem
