<?xml version="1.0" encoding="UTF-8"?>
<!DOCTYPE html PUBLIC "-//W3C//DTD XHTML 1.0 Transitional//EN"
    "http://www.w3.org/TR/xhtml1/DTD/xhtml1-transitional.dtd">
<html xmlns="http://www.w3.org/1999/xhtml" xml:lang="en" lang="en">
 <head>
  <title>
</title>
<meta http-equiv="Content-Type" content="text/html;charset=utf-8" />
  <meta name='ocr-system' content='tesseract 3.04.00' />
  <meta name='ocr-capabilities' content='ocr_page ocr_carea ocr_par ocr_line ocrx_word'/>
</head>
<body>
  <div class='ocr_page' id='page_1' title='image "./analectahymnica26drevuoft_00194.png"; bbox 0 0 1650 2542; ppageno 0'>
   <div class='ocr_carea' id='block_1_1' title="bbox 706 133 956 168">
    <p class='ocr_par' dir='ltr' id='par_1_1' title="bbox 706 133 956 168">
     <span class='ocr_line' id='line_1_1' title="bbox 706 133 956 168; baseline 0.016 -3"><span class='ocrx_word' id='word_1_1' title='bbox 706 133 956 168; x_wconf 86' lang='lat'>-191—</span> 
     </span>
    </p>
   </div>
   <div class='ocr_carea' id='block_1_2' title="bbox 204 214 776 398">
    <p class='ocr_par' dir='ltr' id='par_1_2' title="bbox 204 214 755 305">
     <span class='ocr_line' id='line_1_2' title="bbox 204 214 606 257; baseline 0.02 -11"><span class='ocrx_word' id='word_1_2' title='bbox 204 215 234 246; x_wconf 86' lang='lat'>5.</span> <span class='ocrx_word' id='word_1_3' title='bbox 263 214 311 246; x_wconf 81' lang='lat' dir='ltr'>Sit</span> <span class='ocrx_word' id='word_1_4' title='bbox 334 217 409 257; x_wconf 87' lang='lat' dir='ltr'>vigil</span> <span class='ocrx_word' id='word_1_5' title='bbox 433 219 466 249; x_wconf 91' lang='lat' dir='ltr'>in</span> <span class='ocrx_word' id='word_1_6' title='bbox 490 223 606 254; x_wconf 90' lang='lat' dir='ltr'>somnis</span> 
     </span>
     <span class='ocr_line' id='line_1_3' title="bbox 305 262 755 305; baseline 0.024 -13"><span class='ocrx_word' id='word_1_7' title='bbox 305 262 346 293; x_wconf 84' lang='lat' dir='ltr'>ad</span> <span class='ocrx_word' id='word_1_8' title='bbox 370 263 480 296; x_wconf 87' lang='lat' dir='ltr'>laudes</span> <span class='ocrx_word' id='word_1_9' title='bbox 504 267 633 305; x_wconf 86' lang='lat' dir='ltr'>spiritus</span> <span class='ocrx_word' id='word_1_10' title='bbox 657 272 755 303; x_wconf 87' lang='lat' dir='ltr'>omnis</span> 
     </span>
    </p>

    <p class='ocr_par' dir='ltr' id='par_1_3' title="bbox 257 307 776 398">
     <span class='ocr_line' id='line_1_4' title="bbox 257 307 598 349; baseline 0.023 -12"><span class='ocrx_word' id='word_1_11' title='bbox 257 307 370 349; x_wconf 88' lang='lat' dir='ltr'>Testis,</span> <span class='ocrx_word' id='word_1_12' title='bbox 398 313 429 341; x_wconf 83' lang='lat' dir='ltr'>et</span> <span class='ocrx_word' id='word_1_13' title='bbox 452 312 492 343; x_wconf 84' lang='lat' dir='ltr'>ad</span> <span class='ocrx_word' id='word_1_14' title='bbox 518 312 598 345; x_wconf 83' lang='lat' dir='ltr'>festa</span> 
     </span>
     <span class='ocr_line' id='line_1_5' title="bbox 303 356 776 398; baseline 0.025 -13"><span class='ocrx_word' id='word_1_15' title='bbox 303 356 492 389; x_wconf 87' lang='lat' dir='ltr'>mundentur</span> <span class='ocrx_word' id='word_1_16' title='bbox 515 361 611 392; x_wconf 86' lang='lat' dir='ltr'>corda</span> <span class='ocrx_word' id='word_1_17' title='bbox 636 364 776 398; x_wconf 87' lang='lat' dir='ltr'>scelesta.</span> 
     </span>
    </p>
   </div>
   <div class='ocr_carea' id='block_1_3' title="bbox 373 429 618 460">
    <p class='ocr_par' dir='ltr' id='par_1_4' title="bbox 373 429 618 460">
     <span class='ocr_line' id='line_1_6' title="bbox 373 429 618 460; baseline 0.02 -5"><span class='ocrx_word' id='word_1_18' title='bbox 373 429 418 456; x_wconf 83' lang='lat' dir='ltr'>Ad</span> <span class='ocrx_word' id='word_1_19' title='bbox 437 431 618 460; x_wconf 79' lang='lat' dir='ltr'><strong>Benedictus.</strong></span> 
     </span>
    </p>
   </div>
   <div class='ocr_carea' id='block_1_4' title="bbox 187 483 716 754">
    <p class='ocr_par' dir='ltr' id='par_1_5' title="bbox 187 483 716 615">
     <span class='ocr_line' id='line_1_7' title="bbox 187 483 683 523; baseline 0.02 -10"><span class='ocrx_word' id='word_1_20' title='bbox 187 483 227 514; x_wconf 90' lang='lat' dir='ltr'>A.</span> <span class='ocrx_word' id='word_1_21' title='bbox 258 483 293 514; x_wconf 88' lang='lat' dir='ltr'>In</span> <span class='ocrx_word' id='word_1_22' title='bbox 318 486 485 518; x_wconf 84' lang='lat' dir='ltr'>sanctitate</span> <span class='ocrx_word' id='word_1_23' title='bbox 511 490 541 519; x_wconf 89' lang='lat' dir='ltr'>et</span> <span class='ocrx_word' id='word_1_24' title='bbox 564 489 683 523; x_wconf 84' lang='lat' dir='ltr'>iustitia</span> 
     </span>
     <span class='ocr_line' id='line_1_8' title="bbox 257 529 716 579; baseline 0.022 -19"><span class='ocrx_word' id='word_1_25' title='bbox 257 529 391 563; x_wconf 89' lang='lat' dir='ltr'>Domino</span> <span class='ocrx_word' id='word_1_26' title='bbox 416 532 532 565; x_wconf 82' lang='lat' dir='ltr'>obtulit</span> <span class='ocrx_word' id='word_1_27' title='bbox 553 537 716 579; x_wconf 87' lang='lat' dir='ltr'>sacrificia,</span> 
     </span>
     <span class='ocr_line' id='line_1_9' title="bbox 259 576 665 615; baseline 0.02 -8"><span class='ocrx_word' id='word_1_28' title='bbox 259 576 317 608; x_wconf 82' lang='lat' dir='ltr'>Cui</span> <span class='ocrx_word' id='word_1_29' title='bbox 342 580 373 608; x_wconf 89' lang='lat' dir='ltr'>et</span> <span class='ocrx_word' id='word_1_30' title='bbox 396 588 454 610; x_wconf 91' lang='lat' dir='ltr'>nos</span> <span class='ocrx_word' id='word_1_31' title='bbox 479 581 665 615; x_wconf 86' lang='lat' dir='ltr'>sacrificium</span> 
     </span>
    </p>

    <p class='ocr_par' dir='ltr' id='par_1_6' title="bbox 254 623 705 754">
     <span class='ocr_line' id='line_1_10' title="bbox 301 623 603 669; baseline 0.023 -16"><span class='ocrx_word' id='word_1_32' title='bbox 301 623 404 655; x_wconf 85' lang='lat' dir='ltr'>laudis</span> <span class='ocrx_word' id='word_1_33' title='bbox 429 625 603 669; x_wconf 88' lang='lat' dir='ltr'>offeramus,</span> 
     </span>
     <span class='ocr_line' id='line_1_11' title="bbox 254 668 705 710; baseline 0.022 -11"><span class='ocrx_word' id='word_1_34' title='bbox 254 668 299 701; x_wconf 84' lang='lat' dir='ltr'>Ut</span> <span class='ocrx_word' id='word_1_35' title='bbox 327 679 431 710; x_wconf 82' lang='lat' dir='ltr'>regem</span> <span class='ocrx_word' id='word_1_36' title='bbox 455 673 488 703; x_wconf 91' lang='lat' dir='ltr'>in</span> <span class='ocrx_word' id='word_1_37' title='bbox 514 674 627 707; x_wconf 86' lang='lat' dir='ltr'>decore</span> <span class='ocrx_word' id='word_1_38' title='bbox 651 686 705 709; x_wconf 90' lang='lat' dir='ltr'>suo</span> 
     </span>
     <span class='ocr_line' id='line_1_12' title="bbox 301 716 600 754; baseline 0.023 -8"><span class='ocrx_word' id='word_1_39' title='bbox 301 716 410 748; x_wconf 86' lang='lat' dir='ltr'>videre</span> <span class='ocrx_word' id='word_1_40' title='bbox 434 720 600 754; x_wconf 85' lang='lat' dir='ltr'>valeamus.</span> 
     </span>
    </p>
   </div>
   <div class='ocr_carea' id='block_1_5' title="bbox 998 230 1334 273">
    <p class='ocr_par' dir='ltr' id='par_1_7' title="bbox 998 230 1334 273">
     <span class='ocr_line' id='line_1_13' title="bbox 998 230 1334 273; baseline 0.018 -12"><span class='ocrx_word' id='word_1_41' title='bbox 998 230 1041 261; x_wconf 89' lang='lat' dir='ltr'>In</span> <span class='ocrx_word' id='word_1_42' title='bbox 1068 233 1099 263; x_wconf 89' lang='lat'>2.</span> <span class='ocrx_word' id='word_1_43' title='bbox 1124 233 1334 273; x_wconf 79' lang='lat' dir='ltr'>VesperiS.</span> 
     </span>
    </p>
   </div>
   <div class='ocr_carea' id='block_1_6' title="bbox 1042 332 1281 368">
    <p class='ocr_par' dir='ltr' id='par_1_8' title="bbox 1042 332 1281 368">
     <span class='ocr_line' id='line_1_14' title="bbox 1042 332 1281 368; baseline 0.013 -10"><span class='ocrx_word' id='word_1_44' title='bbox 1042 332 1087 358; x_wconf 76' lang='lat' dir='ltr'>Ad</span> <span class='ocrx_word' id='word_1_45' title='bbox 1107 333 1281 368; x_wconf 82' lang='lat' dir='ltr'>Magnificat.</span> 
     </span>
    </p>
   </div>
   <div class='ocr_carea' id='block_1_7' title="bbox 182 406 1463 911">
    <p class='ocr_par' dir='ltr' id='par_1_9' title="bbox 182 406 1463 911">
     <span class='ocr_line' id='line_1_15' title="bbox 857 406 1210 447; baseline 0.008 -10"><span class='ocrx_word' id='word_1_46' title='bbox 857 406 895 438; x_wconf 81' lang='lat' dir='ltr'>A.</span> <span class='ocrx_word' id='word_1_47' title='bbox 925 406 1007 438; x_wconf 85' lang='lat' dir='ltr'>Laus</span> <span class='ocrx_word' id='word_1_48' title='bbox 1033 409 1210 447; x_wconf 87' lang='lat' dir='ltr'>vespertina</span> 
     </span>
     <span class='ocr_line' id='line_1_16' title="bbox 974 452 1429 498; baseline 0.015 -15"><span class='ocrx_word' id='word_1_49' title='bbox 974 452 1079 493; x_wconf 84' lang='lat' dir='ltr'>faciat,</span> <span class='ocrx_word' id='word_1_50' title='bbox 1108 455 1170 486; x_wconf 90' lang='lat' dir='ltr'>sint</span> <span class='ocrx_word' id='word_1_51' title='bbox 1195 457 1290 488; x_wconf 86' lang='lat' dir='ltr'>corda</span> <span class='ocrx_word' id='word_1_52' title='bbox 1315 458 1429 498; x_wconf 91' lang='lat' dir='ltr'>divina,</span> 
     </span>
     <span class='ocr_line' id='line_1_17' title="bbox 929 499 1255 534; baseline 0.015 -5"><span class='ocrx_word' id='word_1_53' title='bbox 929 499 1021 531; x_wconf 88' lang='lat' dir='ltr'>Lucis</span> <span class='ocrx_word' id='word_1_54' title='bbox 1047 501 1086 531; x_wconf 78' lang='lat' dir='ltr'>ad</span> <span class='ocrx_word' id='word_1_55' title='bbox 1111 511 1255 534; x_wconf 88' lang='lat' dir='ltr'>auroram</span> 
     </span>
     <span class='ocr_line' id='line_1_18' title="bbox 973 548 1440 593; baseline 0.013 -17"><span class='ocrx_word' id='word_1_56' title='bbox 973 548 1111 585; x_wconf 81' lang='lat' dir='ltr'>prompti</span> <span class='ocrx_word' id='word_1_57' title='bbox 1135 551 1262 587; x_wconf 88' lang='lat' dir='ltr'>captare</span> <span class='ocrx_word' id='word_1_58' title='bbox 1286 559 1440 593; x_wconf 85' lang='lat' dir='ltr'>coronam,</span> 
     </span>
     <span class='ocr_line' id='line_1_19' title="bbox 926 592 1181 625; baseline 0.012 -3"><span class='ocrx_word' id='word_1_59' title='bbox 926 592 1012 624; x_wconf 87' lang='lat' dir='ltr'>Iusto</span> <span class='ocrx_word' id='word_1_60' title='bbox 1038 594 1181 625; x_wconf 79' lang='lat' dir='ltr'>collatam</span> 
     </span>
     <span class='ocr_line' id='line_1_20' title="bbox 973 640 1439 686; baseline 0.015 -18"><span class='ocrx_word' id='word_1_61' title='bbox 973 640 1151 679; x_wconf 87' lang='lat' dir='ltr'>cunctisque</span> <span class='ocrx_word' id='word_1_62' title='bbox 1173 642 1263 673; x_wconf 89' lang='lat' dir='ltr'>iustis</span> <span class='ocrx_word' id='word_1_63' title='bbox 1286 646 1439 686; x_wconf 86' lang='lat' dir='ltr'>paratam,</span> 
     </span>
     <span class='ocr_line' id='line_1_21' title="bbox 925 684 1266 728; baseline 0.015 -14"><span class='ocrx_word' id='word_1_64' title='bbox 925 684 991 722; x_wconf 76' lang='lat' dir='ltr'>Qua</span> <span class='ocrx_word' id='word_1_65' title='bbox 1013 694 1053 716; x_wconf 87' lang='lat' dir='ltr'>ne</span> <span class='ocrx_word' id='word_1_66' title='bbox 1076 685 1266 728; x_wconf 86' lang='lat' dir='ltr'><strong>fraudemur,</strong></span> 
     </span>
     <span class='ocr_line' id='line_1_22' title="bbox 971 731 1442 773; baseline 0.011 -12"><span class='ocrx_word' id='word_1_67' title='bbox 971 731 1035 762; x_wconf 92' lang='lat' dir='ltr'>eius</span> <span class='ocrx_word' id='word_1_68' title='bbox 1059 741 1154 771; x_wconf 81' lang='lat' dir='ltr'>prece</span> <span class='ocrx_word' id='word_1_69' title='bbox 1177 742 1270 773; x_wconf 83' lang='lat' dir='ltr'>saepe</span> <span class='ocrx_word' id='word_1_70' title='bbox 1293 735 1442 768; x_wconf 84' lang='lat' dir='ltr'>iuvemur.</span> 
     </span>
     <span class='ocr_line' id='line_1_23' title="bbox 258 779 1462 836; baseline 0.018 -30"><span class='ocrx_word' id='word_1_71' title='bbox 258 779 359 815; x_wconf 83' lang='lat' dir='ltr'>Propr.</span> <span class='ocrx_word' id='word_1_72' title='bbox 385 791 437 809; x_wconf 90' lang='lat' dir='ltr'>ms.</span> <span class='ocrx_word' id='word_1_73' title='bbox 456 783 638 814; x_wconf 79' lang='lat' dir='ltr'>Eremitense</span> <span class='ocrx_word' id='word_1_74' title='bbox 660 797 733 816; x_wconf 85' lang='lat' dir='ltr'>saec.</span> <span class='ocrx_word' id='word_1_75' title='bbox 756 788 798 817; x_wconf 83' lang='lat'>16.</span> <span class='ocrx_word' id='word_1_76' title='bbox 839 792 907 819; x_wconf 86' lang='lat' dir='ltr'>C&#39;od.</span> <span class='ocrx_word' id='word_1_77' title='bbox 928 794 1083 823; x_wconf 84' lang='lat' dir='ltr'>Eremiten.</span> <span class='ocrx_word' id='word_1_78' title='bbox 1104 795 1148 824; x_wconf 86' lang='lat'>93.</span> <span class='ocrx_word' id='word_1_79' title='bbox 1170 799 1202 825; x_wconf 89' lang='lat' dir='ltr'>A.</span> <span class='ocrx_word' id='word_1_80' title='bbox 1227 813 1262 817; x_wconf 92' lang='lat'>——</span> <span class='ocrx_word' id='word_1_81' title='bbox 1288 800 1387 836; x_wconf 85' lang='lat' dir='ltr'>Propr.</span> <span class='ocrx_word' id='word_1_82' title='bbox 1410 810 1462 828; x_wconf 83' lang='lat' dir='ltr'>ms.</span> 
     </span>
     <span class='ocr_line' id='line_1_24' title="bbox 183 815 1463 864; baseline 0.019 -23"><span class='ocrx_word' id='word_1_83' title='bbox 183 815 365 845; x_wconf 83' lang='lat' dir='ltr'>Eremitense</span> <span class='ocrx_word' id='word_1_84' title='bbox 390 827 464 847; x_wconf 78' lang='lat' dir='ltr'>saec.</span> <span class='ocrx_word' id='word_1_85' title='bbox 487 820 529 849; x_wconf 88' lang='grc'>16.</span> <span class='ocrx_word' id='word_1_86' title='bbox 573 824 641 850; x_wconf 81' lang='lat' dir='ltr'>Cod.</span> <span class='ocrx_word' id='word_1_87' title='bbox 662 825 817 854; x_wconf 85' lang='lat' dir='ltr'>Eremiten.</span> <span class='ocrx_word' id='word_1_88' title='bbox 843 838 917 857; x_wconf 83' lang='lat' dir='ltr'>saec.</span> <span class='ocrx_word' id='word_1_89' title='bbox 942 829 985 858; x_wconf 89' lang='lat'>16.</span> <span class='ocrx_word' id='word_1_90' title='bbox 1025 833 1091 860; x_wconf 66' lang='lat' dir='ltr'>(jod.</span> <span class='ocrx_word' id='word_1_91' title='bbox 1111 834 1269 863; x_wconf 84' lang='lat' dir='ltr'>Eremiten.</span> <span class='ocrx_word' id='word_1_92' title='bbox 1291 835 1352 864; x_wconf 88' lang='lat'>616.</span> <span class='ocrx_word' id='word_1_93' title='bbox 1373 838 1405 864; x_wconf 91' lang='lat' dir='ltr'>B.</span> <span class='ocrx_word' id='word_1_94' title='bbox 1426 854 1463 858; x_wconf 90' lang='lat'><em>—</em></span> 
     </span>
     <span class='ocr_line' id='line_1_25' title="bbox 182 852 1461 911; baseline 0.019 -33"><span class='ocrx_word' id='word_1_95' title='bbox 182 852 282 888; x_wconf 86' lang='lat' dir='ltr'>Propr.</span> <span class='ocrx_word' id='word_1_96' title='bbox 309 864 360 882; x_wconf 81' lang='lat' dir='ltr'>ms.</span> <span class='ocrx_word' id='word_1_97' title='bbox 386 856 567 887; x_wconf 73' lang='lat' dir='ltr'>Eremitense</span> <span class='ocrx_word' id='word_1_98' title='bbox 591 869 665 888; x_wconf 86' lang='lat' dir='ltr'>saec.</span> <span class='ocrx_word' id='word_1_99' title='bbox 688 861 731 890; x_wconf 90' lang='lat'>16.</span> <span class='ocrx_word' id='word_1_100' title='bbox 771 866 838 892; x_wconf 80' lang='lat' dir='ltr'>Cod.</span> <span class='ocrx_word' id='word_1_101' title='bbox 864 867 1019 896; x_wconf 61' lang='lat' dir='ltr'>Eremiten.</span> <span class='ocrx_word' id='word_1_102' title='bbox 1046 868 1108 897; x_wconf 62' lang='lat'>618.</span> <span class='ocrx_word' id='word_1_103' title='bbox 1138 871 1166 898; x_wconf 81' lang='grc' dir='ltr'>Ο.</span> <span class='ocrx_word' id='word_1_104' title='bbox 1193 887 1230 891; x_wconf 77' lang='lat'><strong>—</strong></span> <span class='ocrx_word' id='word_1_105' title='bbox 1254 874 1291 900; x_wconf 90' lang='lat' dir='ltr'>In</span> <span class='ocrx_word' id='word_1_106' title='bbox 1313 873 1336 900; x_wconf 87' lang='lat'>1.</span> <span class='ocrx_word' id='word_1_107' title='bbox 1358 875 1461 911; x_wconf 88' lang='lat' dir='ltr'>Vesp.</span> 
     </span>
    </p>
   </div>
   <div class='ocr_carea' id='block_1_8' title="bbox 181 889 1462 1085">
    <p class='ocr_par' dir='ltr' id='par_1_10' title="bbox 181 889 1462 1085">
     <span class='ocr_line' id='line_1_26' title="bbox 182 889 1462 945; baseline 0.019 -30"><span class='ocrx_word' id='word_1_108' title='bbox 182 889 220 916; x_wconf 83' lang='lat' dir='ltr'>ad</span> <span class='ocrx_word' id='word_1_109' title='bbox 238 891 336 927; x_wconf 85' lang='lat' dir='ltr'>Magn.</span> <span class='ocrx_word' id='word_1_110' title='bbox 359 892 389 926; x_wconf 89' lang='lat' dir='ltr'>A,</span> <span class='ocrx_word' id='word_1_111' title='bbox 411 892 429 920; x_wconf 85' lang='lat'>2</span> <span class='ocrx_word' id='word_1_112' title='bbox 449 895 573 924; x_wconf 83' lang='lat' dir='ltr'>Domino</span> <span class='ocrx_word' id='word_1_113' title='bbox 594 898 666 925; x_wconf 66' lang='lat' dir='ltr'>fehlt</span> <span class='ocrx_word' id='word_1_114' title='bbox 683 901 741 927; x_wconf 87' lang='lat' dir='ltr'>AB.</span> <span class='ocrx_word' id='word_1_115' title='bbox 766 917 803 921; x_wconf 90' lang='lat'>-—</span> <span class='ocrx_word' id='word_1_116' title='bbox 826 904 868 930; x_wconf 82' lang='lat' dir='ltr'>In</span> <span class='ocrx_word' id='word_1_117' title='bbox 897 902 921 930; x_wconf 89' lang='grc'>1.</span> <span class='ocrx_word' id='word_1_118' title='bbox 949 906 1045 933; x_wconf 76' lang='lat' dir='ltr'>Noct.</span> <span class='ocrx_word' id='word_1_119' title='bbox 1078 906 1122 933; x_wconf 72' lang='lat' dir='ltr'>RB</span> <span class='ocrx_word' id='word_1_120' title='bbox 1151 907 1178 935; x_wconf 87' lang='lat'>1-</span> <span class='ocrx_word' id='word_1_121' title='bbox 1194 907 1222 936; x_wconf 84' lang='lat'>-3</span> <span class='ocrx_word' id='word_1_122' title='bbox 1242 919 1296 945; x_wconf 51' lang='lat' dir='ltr'>pro.</span> <span class='ocrx_word' id='word_1_123' title='bbox 1311 912 1397 938; x_wconf 58' lang='lat' dir='ltr'>arech.</span> <span class='ocrx_word' id='word_1_124' title='bbox 1425 928 1462 931; x_wconf 88' lang='lat'>—-</span> 
     </span>
     <span class='ocr_line' id='line_1_27' title="bbox 182 926 1462 983; baseline 0.019 -31"><span class='ocrx_word' id='word_1_125' title='bbox 182 927 223 953; x_wconf 89' lang='lat' dir='ltr'>In</span> <span class='ocrx_word' id='word_1_126' title='bbox 243 926 269 953; x_wconf 82' lang='lat'>2.</span> <span class='ocrx_word' id='word_1_127' title='bbox 289 929 317 956; x_wconf 85' lang='lat' dir='ltr'>N</span> <span class='ocrx_word' id='word_1_128' title='bbox 325 933 389 957; x_wconf 83' lang='lat' dir='ltr'>oet.</span> <span class='ocrx_word' id='word_1_129' title='bbox 411 930 432 956; x_wconf 98' lang='lat' dir='ltr'>A</span> <span class='ocrx_word' id='word_1_130' title='bbox 455 930 479 965; x_wconf 79' lang='lat'>2,</span> <span class='ocrx_word' id='word_1_131' title='bbox 498 931 516 960; x_wconf 88' lang='lat'>3</span> <span class='ocrx_word' id='word_1_132' title='bbox 537 943 578 969; x_wconf 90' lang='lat' dir='ltr'>sq.</span> <span class='ocrx_word' id='word_1_133' title='bbox 599 935 716 971; x_wconf 81' lang='lat' dir='ltr'>Sprevit</span> <span class='ocrx_word' id='word_1_134' title='bbox 735 940 763 964; x_wconf 74' lang='lat' dir='ltr'>et</span> <span class='ocrx_word' id='word_1_135' title='bbox 782 940 886 967; x_wconf 83' lang='lat' dir='ltr'>abiecti</span> <span class='ocrx_word' id='word_1_136' title='bbox 909 944 1001 969; x_wconf 83' lang='lat' dir='ltr'>minus</span> <span class='ocrx_word' id='word_1_137' title='bbox 1023 946 1052 970; x_wconf 81' lang='lat' dir='ltr'>et</span> <span class='ocrx_word' id='word_1_138' title='bbox 1070 945 1139 971; x_wconf 88' lang='lat' dir='ltr'>mali</span> <span class='ocrx_word' id='word_1_139' title='bbox 1161 946 1229 972; x_wconf 82' lang='lat' dir='ltr'>feeit</span> <span class='ocrx_word' id='word_1_140' title='bbox 1241 948 1328 979; x_wconf 69' lang='lat' dir='ltr'>ABG,</span> <span class='ocrx_word' id='word_1_141' title='bbox 1365 955 1462 983; x_wconf 84' lang='lat' dir='ltr'>patere</span> 
     </span>
     <span class='ocr_line' id='line_1_28' title="bbox 182 964 1461 1020; baseline 0.018 -30"><span class='ocrx_word' id='word_1_142' title='bbox 182 964 343 993; x_wconf 75' lang='lat' dir='ltr'>Korrektur</span> <span class='ocrx_word' id='word_1_143' title='bbox 370 968 491 996; x_wconf 76' lang='lat' dir='ltr'>abiectis</span> <span class='ocrx_word' id='word_1_144' title='bbox 519 973 617 1006; x_wconf 84' lang='lat' dir='ltr'>pravis</span> <span class='ocrx_word' id='word_1_145' title='bbox 640 975 745 1001; x_wconf 90' lang='lat' dir='ltr'>minus.</span> <span class='ocrx_word' id='word_1_146' title='bbox 775 990 808 994; x_wconf 79' lang='lat'><em>—</em></span> <span class='ocrx_word' id='word_1_147' title='bbox 835 976 856 1002; x_wconf 93' lang='lat' dir='ltr'>A</span> <span class='ocrx_word' id='word_1_148' title='bbox 878 977 903 1011; x_wconf 86' lang='lat'>6,</span> <span class='ocrx_word' id='word_1_149' title='bbox 924 977 941 1006; x_wconf 83' lang='lat'><strong>3</strong></span> <span class='ocrx_word' id='word_1_150' title='bbox 964 980 1018 1007; x_wconf 86' lang='lat' dir='ltr'>lies</span> <span class='ocrx_word' id='word_1_151' title='bbox 1045 981 1140 1008; x_wconf 83' lang='lat' dir='ltr'>faeta?</span> <span class='ocrx_word' id='word_1_152' title='bbox 1165 997 1176 998; x_wconf 19' lang='lat' dir='ltr'>a</span> <span class='ocrx_word' id='word_1_153' title='bbox 1224 981 1268 1009; x_wconf 72' lang='lat' dir='ltr'>HR</span> <span class='ocrx_word' id='word_1_154' title='bbox 1296 983 1368 1012; x_wconf 77' lang='lat'>1-3</span> <span class='ocrx_word' id='word_1_155' title='bbox 1398 995 1461 1020; x_wconf 88' lang='lat' dir='ltr'>pro-</span> 
     </span>
     <span class='ocr_line' id='line_1_29' title="bbox 181 1002 1460 1055; baseline 0.018 -28"><span class='ocrx_word' id='word_1_156' title='bbox 181 1002 285 1028; x_wconf 89' lang='lat' dir='ltr'>saisch.</span> <span class='ocrx_word' id='word_1_157' title='bbox 311 1019 348 1023; x_wconf 90' lang='lat'>-—</span> <span class='ocrx_word' id='word_1_158' title='bbox 372 1005 413 1032; x_wconf 87' lang='lat' dir='ltr'>In</span> <span class='ocrx_word' id='word_1_159' title='bbox 439 1004 464 1033; x_wconf 66' lang='lat'>3.</span> <span class='ocrx_word' id='word_1_160' title='bbox 491 1008 539 1035; x_wconf 86' lang='lat' dir='ltr'>No</span> <span class='ocrx_word' id='word_1_161' title='bbox 549 1011 581 1035; x_wconf 89' lang='lat' dir='ltr'>ct</span> <span class='ocrx_word' id='word_1_162' title='bbox 610 1008 633 1035; x_wconf 90' lang='lat' dir='ltr'>A</span> <span class='ocrx_word' id='word_1_163' title='bbox 660 1011 697 1037; x_wconf 86' lang='lat' dir='ltr'>ad</span> <span class='ocrx_word' id='word_1_164' title='bbox 718 1011 797 1040; x_wconf 84' lang='lat' dir='ltr'>Cant.</span> <span class='ocrx_word' id='word_1_165' title='bbox 818 1015 876 1041; x_wconf 84' lang='lat' dir='ltr'>und</span> <span class='ocrx_word' id='word_1_166' title='bbox 894 1013 937 1041; x_wconf 79' lang='grc' dir='ltr'>ΒΗ</span> <span class='ocrx_word' id='word_1_167' title='bbox 959 1014 1031 1043; x_wconf 85' lang='grc'>1-3</span> <span class='ocrx_word' id='word_1_168' title='bbox 1051 1019 1207 1052; x_wconf 87' lang='lat' dir='ltr'>prosaiseh.</span> <span class='ocrx_word' id='word_1_169' title='bbox 1233 1035 1271 1039; x_wconf 89' lang='lat'><strong>—</strong></span> <span class='ocrx_word' id='word_1_170' title='bbox 1296 1020 1316 1047; x_wconf 76' lang='lat' dir='ltr'>R</span> <span class='ocrx_word' id='word_1_171' title='bbox 1336 1020 1361 1055; x_wconf 81' lang='lat'>4,</span> <span class='ocrx_word' id='word_1_172' title='bbox 1385 1021 1398 1049; x_wconf 89' lang='lat'>1</span> <span class='ocrx_word' id='word_1_173' title='bbox 1419 1024 1460 1050; x_wconf 86' lang='lat' dir='ltr'>Te</span> 
     </span>
     <span class='ocr_line' id='line_1_30' title="bbox 181 1038 1178 1085; baseline 0.017 -20"><span class='ocrx_word' id='word_1_174' title='bbox 181 1038 300 1067; x_wconf 79' lang='lat' dir='ltr'>laudare</span> <span class='ocrx_word' id='word_1_175' title='bbox 319 1041 476 1070; x_wconf 90' lang='lat' dir='ltr'>Dominum</span> <span class='ocrx_word' id='word_1_176' title='bbox 495 1044 528 1071; x_wconf 90' lang='lat' dir='ltr'>A.</span> <span class='ocrx_word' id='word_1_177' title='bbox 549 1061 586 1065; x_wconf 89' lang='lat'>—-</span> <span class='ocrx_word' id='word_1_178' title='bbox 605 1047 644 1073; x_wconf 89' lang='lat' dir='ltr'>In</span> <span class='ocrx_word' id='word_1_179' title='bbox 663 1048 772 1076; x_wconf 82' lang='lat' dir='ltr'>Laud.</span> <span class='ocrx_word' id='word_1_180' title='bbox 794 1049 815 1075; x_wconf 95' lang='lat' dir='ltr'>A</span> <span class='ocrx_word' id='word_1_181' title='bbox 835 1049 862 1084; x_wconf 85' lang='lat'>4,</span> <span class='ocrx_word' id='word_1_182' title='bbox 882 1051 899 1078; x_wconf 88' lang='lat'><strong>7</strong></span> <span class='ocrx_word' id='word_1_183' title='bbox 920 1053 977 1085; x_wconf 77' lang='lat' dir='ltr'>Qui</span> <span class='ocrx_word' id='word_1_184' title='bbox 995 1054 1126 1082; x_wconf 82' lang='lat' dir='ltr'>iuvemur</span> <span class='ocrx_word' id='word_1_185' title='bbox 1145 1056 1178 1082; x_wconf 93' lang='lat' dir='ltr'>A.</span> 
     </span>
    </p>
   </div>
   <div class='ocr_carea' id='block_1_9' title="bbox 307 1135 1070 1243">
    <p class='ocr_par' dir='ltr' id='par_1_11' title="bbox 307 1135 1070 1243">
     <span class='ocr_line' id='line_1_31' title="bbox 585 1135 1070 1174; baseline 0.019 -9"><span class='ocrx_word' id='word_1_186' title='bbox 585 1135 629 1166; x_wconf 87' lang='grc'>67.</span> <span class='ocrx_word' id='word_1_187' title='bbox 659 1137 702 1168; x_wconf 86' lang='lat' dir='ltr'>De</span> <span class='ocrx_word' id='word_1_188' title='bbox 720 1141 822 1171; x_wconf 87' lang='lat' dir='ltr'>sancto</span> <span class='ocrx_word' id='word_1_189' title='bbox 842 1141 962 1173; x_wconf 84' lang='lat' dir='ltr'>Kanuto</span> <span class='ocrx_word' id='word_1_190' title='bbox 982 1143 1070 1174; x_wconf 83' lang='lat' dir='ltr'>Duce.</span> 
     </span>
     <span class='ocr_line' id='line_1_32' title="bbox 307 1200 653 1243; baseline 0.014 -12"><span class='ocrx_word' id='word_1_191' title='bbox 307 1200 352 1231; x_wconf 92' lang='lat' dir='ltr'>In</span> <span class='ocrx_word' id='word_1_192' title='bbox 380 1200 409 1233; x_wconf 87' lang='lat'>1.</span> <span class='ocrx_word' id='word_1_193' title='bbox 436 1201 653 1243; x_wconf 88' lang='lat' dir='ltr'>Vesperis.</span> 
     </span>
    </p>
   </div>
   <div class='ocr_carea' id='block_1_10' title="bbox 358 1273 600 1310">
    <p class='ocr_par' dir='ltr' id='par_1_12' title="bbox 358 1273 600 1310">
     <span class='ocr_line' id='line_1_33' title="bbox 358 1273 600 1310; baseline 0.012 -10"><span class='ocrx_word' id='word_1_194' title='bbox 358 1273 403 1300; x_wconf 89' lang='lat' dir='ltr'>Ad</span> <span class='ocrx_word' id='word_1_195' title='bbox 423 1274 600 1310; x_wconf 82' lang='lat' dir='ltr'>Mag-nificat.</span> 
     </span>
    </p>
   </div>
   <div class='ocr_carea' id='block_1_11' title="bbox 172 1328 747 1832">
    <p class='ocr_par' dir='ltr' id='par_1_13' title="bbox 172 1328 747 1377">
     <span class='ocr_line' id='line_1_34' title="bbox 172 1328 747 1377; baseline 0.017 -19"><span class='ocrx_word' id='word_1_196' title='bbox 172 1328 212 1358; x_wconf 89' lang='lat' dir='ltr'>A.</span> <span class='ocrx_word' id='word_1_197' title='bbox 242 1329 313 1360; x_wconf 85' lang='lat' dir='ltr'>Ave</span> <span class='ocrx_word' id='word_1_198' title='bbox 337 1333 466 1370; x_wconf 76' lang='lat' dir='ltr'>martyr,</span> <span class='ocrx_word' id='word_1_199' title='bbox 494 1333 556 1363; x_wconf 80' lang='lat' dir='ltr'>dux</span> <span class='ocrx_word' id='word_1_200' title='bbox 577 1333 747 1377; x_wconf 85' lang='lat' dir='ltr'>Danorum,</span> 
     </span>
    </p>

    <p class='ocr_par' dir='ltr' id='par_1_14' title="bbox 289 1376 642 1421">
     <span class='ocr_line' id='line_1_35' title="bbox 289 1376 642 1421; baseline 0.017 -15"><span class='ocrx_word' id='word_1_201' title='bbox 289 1376 366 1414; x_wconf 86' lang='lat' dir='ltr'>Ave,</span> <span class='ocrx_word' id='word_1_202' title='bbox 395 1378 489 1409; x_wconf 88' lang='lat' dir='ltr'>decus</span> <span class='ocrx_word' id='word_1_203' title='bbox 514 1378 642 1421; x_wconf 81' lang='lat' dir='ltr'>Daciae,</span> 
     </span>
    </p>

    <p class='ocr_par' dir='ltr' id='par_1_15' title="bbox 244 1421 726 1549">
     <span class='ocr_line' id='line_1_36' title="bbox 244 1421 672 1467; baseline 0.016 -15"><span class='ocrx_word' id='word_1_204' title='bbox 244 1421 327 1453; x_wconf 82' lang='lat' dir='ltr'>Oura</span> <span class='ocrx_word' id='word_1_205' title='bbox 352 1431 460 1455; x_wconf 83' lang='lat' dir='ltr'>causas</span> <span class='ocrx_word' id='word_1_206' title='bbox 485 1427 672 1467; x_wconf 87' lang='lat' dir='ltr'>sauciorum,</span> 
     </span>
     <span class='ocr_line' id='line_1_37' title="bbox 290 1468 726 1514; baseline 0.016 -15"><span class='ocrx_word' id='word_1_207' title='bbox 290 1468 366 1500; x_wconf 90' lang='lat' dir='ltr'>Cum</span> <span class='ocrx_word' id='word_1_208' title='bbox 390 1471 434 1501; x_wconf 90' lang='lat' dir='ltr'>sis</span> <span class='ocrx_word' id='word_1_209' title='bbox 459 1471 572 1510; x_wconf 84' lang='lat' dir='ltr'>pignus</span> <span class='ocrx_word' id='word_1_210' title='bbox 597 1475 726 1514; x_wconf 84' lang='lat' dir='ltr'>gratiae,</span> 
     </span>
     <span class='ocr_line' id='line_1_38' title="bbox 287 1516 558 1549; baseline 0.011 -3"><span class='ocrx_word' id='word_1_211' title='bbox 287 1516 324 1546; x_wconf 83' lang='lat' dir='ltr'>In</span> <span class='ocrx_word' id='word_1_212' title='bbox 349 1521 457 1549; x_wconf 85' lang='lat' dir='ltr'>nostra</span> <span class='ocrx_word' id='word_1_213' title='bbox 476 1518 558 1549; x_wconf 89' lang='lat' dir='ltr'>serie</span> 
     </span>
    </p>

    <p class='ocr_par' dir='ltr' id='par_1_16' title="bbox 242 1562 739 1653">
     <span class='ocr_line' id='line_1_39' title="bbox 242 1562 739 1606; baseline 0.014 -14"><span class='ocrx_word' id='word_1_214' title='bbox 242 1562 359 1600; x_wconf 79' lang='lat' dir='ltr'>Factis,</span> <span class='ocrx_word' id='word_1_215' title='bbox 391 1563 494 1595; x_wconf 89' lang='lat' dir='ltr'>verbis</span> <span class='ocrx_word' id='word_1_216' title='bbox 519 1567 551 1596; x_wconf 85' lang='lat' dir='ltr'>te</span> <span class='ocrx_word' id='word_1_217' title='bbox 574 1575 739 1606; x_wconf 83' lang='lat' dir='ltr'>sequamur</span> 
     </span>
     <span class='ocr_line' id='line_1_40' title="bbox 287 1608 663 1653; baseline 0.013 -14"><span class='ocrx_word' id='word_1_218' title='bbox 287 1608 331 1639; x_wconf 84' lang='lat' dir='ltr'>Et</span> <span class='ocrx_word' id='word_1_219' title='bbox 355 1617 423 1640; x_wconf 90' lang='lat' dir='ltr'>eum</span> <span class='ocrx_word' id='word_1_220' title='bbox 448 1612 561 1643; x_wconf 89' lang='lat' dir='ltr'>mentis</span> <span class='ocrx_word' id='word_1_221' title='bbox 587 1613 663 1653; x_wconf 90' lang='lat' dir='ltr'>acie,</span> 
     </span>
    </p>

    <p class='ocr_par' dir='ltr' id='par_1_17' title="bbox 241 1654 635 1794">
     <span class='ocr_line' id='line_1_41' title="bbox 241 1654 633 1698; baseline 0.015 -14"><span class='ocrx_word' id='word_1_222' title='bbox 241 1654 289 1685; x_wconf 90' lang='lat' dir='ltr'>Ne</span> <span class='ocrx_word' id='word_1_223' title='bbox 313 1655 346 1686; x_wconf 90' lang='lat' dir='ltr'>in</span> <span class='ocrx_word' id='word_1_224' title='bbox 370 1656 443 1688; x_wconf 85' lang='lat' dir='ltr'>limo</span> <span class='ocrx_word' id='word_1_225' title='bbox 467 1657 633 1698; x_wconf 86' lang='lat' dir='ltr'>infigamur</span> 
     </span>
     <span class='ocr_line' id='line_1_42' title="bbox 287 1701 635 1744; baseline 0.017 -13"><span class='ocrx_word' id='word_1_226' title='bbox 287 1701 344 1732; x_wconf 90' lang='lat' dir='ltr'>Vel</span> <span class='ocrx_word' id='word_1_227' title='bbox 369 1703 512 1735; x_wconf 83' lang='lat' dir='ltr'>labamur</span> <span class='ocrx_word' id='word_1_228' title='bbox 536 1706 635 1744; x_wconf 83' lang='lat' dir='ltr'>glacie</span> 
     </span>
     <span class='ocr_line' id='line_1_43' title="bbox 283 1748 555 1794; baseline 0.015 -15"><span class='ocrx_word' id='word_1_229' title='bbox 283 1748 382 1780; x_wconf 86' lang='lat' dir='ltr'>Vallis</span> <span class='ocrx_word' id='word_1_230' title='bbox 403 1751 555 1794; x_wconf 80' lang='lat' dir='ltr'>miseriae,</span> 
     </span>
    </p>

    <p class='ocr_par' dir='ltr' id='par_1_18' title="bbox 236 1793 704 1832">
     <span class='ocr_line' id='line_1_44' title="bbox 236 1793 704 1832; baseline 0.017 -8"><span class='ocrx_word' id='word_1_231' title='bbox 236 1793 300 1825; x_wconf 85' lang='lat' dir='ltr'>Sed</span> <span class='ocrx_word' id='word_1_232' title='bbox 324 1797 357 1825; x_wconf 87' lang='lat' dir='ltr'>te</span> <span class='ocrx_word' id='word_1_233' title='bbox 382 1796 460 1828; x_wconf 87' lang='lat' dir='ltr'>duce</span> <span class='ocrx_word' id='word_1_234' title='bbox 484 1799 598 1831; x_wconf 85' lang='lat' dir='ltr'>mundo</span> <span class='ocrx_word' id='word_1_235' title='bbox 625 1801 704 1832; x_wconf 88' lang='lat' dir='ltr'>calle</span> 
     </span>
    </p>
   </div>
   <div class='ocr_carea' id='block_1_12' title="bbox 977 1212 1332 1249">
    <p class='ocr_par' dir='ltr' id='par_1_19' title="bbox 977 1212 1332 1249">
     <span class='ocr_line' id='line_1_45' title="bbox 977 1212 1332 1249; baseline 0.017 -6"><span class='ocrx_word' id='word_1_236' title='bbox 977 1212 1022 1243; x_wconf 93' lang='lat' dir='ltr'>In</span> <span class='ocrx_word' id='word_1_237' title='bbox 1048 1214 1078 1245; x_wconf 90' lang='lat'>1.</span> <span class='ocrx_word' id='word_1_238' title='bbox 1105 1215 1332 1249; x_wconf 86' lang='lat' dir='ltr'>Nocturno.</span> 
     </span>
    </p>
   </div>
   <div class='ocr_carea' id='block_1_13' title="bbox 1057 1295 1249 1331">
    <p class='ocr_par' dir='ltr' id='par_1_20' title="bbox 1057 1295 1249 1331">
     <span class='ocr_line' id='line_1_46' title="bbox 1057 1295 1249 1331; baseline 0.01 -10"><span class='ocrx_word' id='word_1_239' title='bbox 1057 1295 1249 1331; x_wconf 83' lang='lat' dir='ltr'>Antiphonae.</span> 
     </span>
    </p>
   </div>
   <div class='ocr_carea' id='block_1_14' title="bbox 859 1349 1423 1530">
    <p class='ocr_par' dir='ltr' id='par_1_21' title="bbox 859 1349 1423 1487">
     <span class='ocr_line' id='line_1_47' title="bbox 859 1349 1332 1386; baseline 0.011 -5"><span class='ocrx_word' id='word_1_240' title='bbox 859 1350 888 1381; x_wconf 93' lang='lat'>1.</span> <span class='ocrx_word' id='word_1_241' title='bbox 916 1349 1031 1382; x_wconf 62' lang='lat' dir='ltr'>Beatus,</span> <span class='ocrx_word' id='word_1_242' title='bbox 1057 1352 1105 1382; x_wconf 93' lang='lat' dir='ltr'>vir</span> <span class='ocrx_word' id='word_1_243' title='bbox 1131 1362 1204 1384; x_wconf 86' lang='lat' dir='ltr'>vere</span> <span class='ocrx_word' id='word_1_244' title='bbox 1227 1354 1332 1386; x_wconf 78' lang='lat' dir='ltr'>beatus</span> 
     </span>
     <span class='ocr_line' id='line_1_48' title="bbox 915 1395 1423 1440; baseline 0.016 -14"><span class='ocrx_word' id='word_1_245' title='bbox 915 1395 1009 1427; x_wconf 83' lang='lat' dir='ltr'>Seeus</span> <span class='ocrx_word' id='word_1_246' title='bbox 1035 1397 1150 1430; x_wconf 84' lang='lat' dir='ltr'>fontem</span> <span class='ocrx_word' id='word_1_247' title='bbox 1175 1402 1423 1440; x_wconf 81' lang='lat' dir='ltr'>transplantatus</span> 
     </span>
     <span class='ocr_line' id='line_1_49' title="bbox 914 1442 1382 1487; baseline 0.017 -15"><span class='ocrx_word' id='word_1_248' title='bbox 914 1442 1064 1474; x_wconf 85' lang='lat' dir='ltr'>Fructum</span> <span class='ocrx_word' id='word_1_249' title='bbox 1088 1445 1212 1484; x_wconf 82' lang='lat' dir='ltr'>profert</span> <span class='ocrx_word' id='word_1_250' title='bbox 1234 1448 1382 1487; x_wconf 86' lang='lat' dir='ltr'>irrigatus</span> 
     </span>
    </p>

    <p class='ocr_par' dir='ltr' id='par_1_22' title="bbox 959 1490 1249 1530">
     <span class='ocr_line' id='line_1_50' title="bbox 959 1490 1249 1530; baseline 0.017 -10"><span class='ocrx_word' id='word_1_251' title='bbox 959 1490 997 1521; x_wconf 87' lang='lat' dir='ltr'>In</span> <span class='ocrx_word' id='word_1_252' title='bbox 1021 1493 1162 1530; x_wconf 88' lang='lat' dir='ltr'>tempore</span> <span class='ocrx_word' id='word_1_253' title='bbox 1185 1502 1249 1525; x_wconf 90' lang='lat' dir='ltr'>suo.</span> 
     </span>
    </p>
   </div>
   <div class='ocr_carea' id='block_1_15' title="bbox 855 1545 1451 1770">
    <p class='ocr_par' dir='ltr' id='par_1_23' title="bbox 855 1545 1451 1735">
     <span class='ocr_line' id='line_1_51' title="bbox 855 1545 1361 1589; baseline 0.014 -14"><span class='ocrx_word' id='word_1_254' title='bbox 855 1546 885 1576; x_wconf 85' lang='lat'>2.</span> <span class='ocrx_word' id='word_1_255' title='bbox 913 1545 1014 1583; x_wconf 74' lang='lat' dir='ltr'>Quare</span> <span class='ocrx_word' id='word_1_256' title='bbox 1038 1545 1229 1580; x_wconf 86' lang='lat' dir='ltr'>fremuerunt</span> <span class='ocrx_word' id='word_1_257' title='bbox 1254 1552 1361 1589; x_wconf 85' lang='lat' dir='ltr'>gentes</span> 
     </span>
     <span class='ocr_line' id='line_1_52' title="bbox 911 1591 1381 1634; baseline 0.013 -12"><span class='ocrx_word' id='word_1_258' title='bbox 911 1591 1110 1624; x_wconf 85' lang='lat' dir='ltr'>Innocentem</span> <span class='ocrx_word' id='word_1_259' title='bbox 1134 1597 1381 1634; x_wconf 77' lang='lat' dir='ltr'>persequentes?</span> 
     </span>
     <span class='ocr_line' id='line_1_53' title="bbox 911 1637 1243 1678; baseline 0.015 -10"><span class='ocrx_word' id='word_1_260' title='bbox 911 1637 1058 1670; x_wconf 88' lang='lat' dir='ltr'>Infideles</span> <span class='ocrx_word' id='word_1_261' title='bbox 1082 1641 1243 1678; x_wconf 89' lang='lat' dir='ltr'>perierunt</span> 
     </span>
     <span class='ocr_line' id='line_1_54' title="bbox 908 1684 1451 1735; baseline 0.015 -20"><span class='ocrx_word' id='word_1_262' title='bbox 908 1684 951 1716; x_wconf 90' lang='lat' dir='ltr'>Et</span> <span class='ocrx_word' id='word_1_263' title='bbox 977 1694 1045 1716; x_wconf 91' lang='lat' dir='ltr'>cum</span> <span class='ocrx_word' id='word_1_264' title='bbox 1064 1686 1188 1719; x_wconf 79' lang='lat' dir='ltr'>Christo</span> <span class='ocrx_word' id='word_1_265' title='bbox 1213 1692 1284 1720; x_wconf 89' lang='lat' dir='ltr'>sunt</span> <span class='ocrx_word' id='word_1_266' title='bbox 1302 1693 1333 1721; x_wconf 82' lang='lat' dir='ltr'>et</span> <span class='ocrx_word' id='word_1_267' title='bbox 1353 1695 1451 1735; x_wconf 83' lang='lat' dir='ltr'>erunt,</span> 
     </span>
    </p>

    <p class='ocr_par' dir='ltr' id='par_1_24' title="bbox 955 1732 1321 1770">
     <span class='ocr_line' id='line_1_55' title="bbox 955 1732 1321 1770; baseline 0.022 -9"><span class='ocrx_word' id='word_1_268' title='bbox 955 1732 1013 1770; x_wconf 78' lang='lat' dir='ltr'>Qui</span> <span class='ocrx_word' id='word_1_269' title='bbox 1039 1733 1198 1766; x_wconf 86' lang='lat' dir='ltr'>confidunt</span> <span class='ocrx_word' id='word_1_270' title='bbox 1217 1736 1249 1767; x_wconf 89' lang='lat' dir='ltr'>in</span> <span class='ocrx_word' id='word_1_271' title='bbox 1276 1745 1321 1769; x_wconf 89' lang='lat' dir='ltr'>eo.</span> 
     </span>
    </p>
   </div>
   <div class='ocr_carea' id='block_1_16' title="bbox 876 1786 1403 1833">
    <p class='ocr_par' dir='ltr' id='par_1_25' title="bbox 876 1786 1403 1833">
     <span class='ocr_line' id='line_1_56' title="bbox 876 1786 1403 1833; baseline 0.009 -14"><span class='ocrx_word' id='word_1_272' title='bbox 876 1813 882 1819; x_wconf 97' lang='lat'>.</span> <span class='ocrx_word' id='word_1_273' title='bbox 908 1786 1044 1828; x_wconf 82' lang='lat' dir='ltr'>Exaudi,</span> <span class='ocrx_word' id='word_1_274' title='bbox 1077 1789 1170 1829; x_wconf 91' lang='lat' dir='ltr'>Deus,</span> <span class='ocrx_word' id='word_1_275' title='bbox 1197 1795 1229 1822; x_wconf 90' lang='lat' dir='ltr'>te</span> <span class='ocrx_word' id='word_1_276' title='bbox 1253 1795 1403 1833; x_wconf 85' lang='lat' dir='ltr'>orantem,</span> 
     </span>
    </p>
   </div>
   <div class='ocr_carea' id='block_1_17' title="bbox 852 1787 871 1819">
    <p class='ocr_par' dir='ltr' id='par_1_26' title="bbox 852 1787 871 1819">
     <span class='ocr_line' id='line_1_57' title="bbox 852 1787 871 1819; textangle 90"><span class='ocrx_word' id='word_1_277' title='bbox 852 1787 871 1819; x_wconf 72' lang='lat'>02</span> 
     </span>
    </p>
   </div>
   <div class='ocr_carea' id='block_1_18' title="bbox 236 1840 698 1878">
    <p class='ocr_par' dir='ltr' id='par_1_27' title="bbox 236 1840 698 1878">
     <span class='ocr_line' id='line_1_58' title="bbox 236 1840 698 1878; baseline 0.017 -7"><span class='ocrx_word' id='word_1_278' title='bbox 236 1840 444 1874; x_wconf 81' lang='lat' dir='ltr'>Transeamus</span> <span class='ocrx_word' id='word_1_279' title='bbox 470 1852 507 1874; x_wconf 82' lang='lat' dir='ltr'>ex</span> <span class='ocrx_word' id='word_1_280' title='bbox 533 1845 591 1876; x_wconf 88' lang='lat' dir='ltr'>hac</span> <span class='ocrx_word' id='word_1_281' title='bbox 617 1848 698 1878; x_wconf 91' lang='lat' dir='ltr'>valle</span> 
     </span>
    </p>
   </div>
   <div class='ocr_carea' id='block_1_19' title="bbox 908 1833 1417 1879">
    <p class='ocr_par' dir='ltr' id='par_1_28' title="bbox 908 1833 1417 1879">
     <span class='ocr_line' id='line_1_59' title="bbox 908 1833 1417 1879; baseline 0.018 -16"><span class='ocrx_word' id='word_1_282' title='bbox 908 1833 958 1864; x_wconf 84' lang='lat' dir='ltr'>Nc</span> <span class='ocrx_word' id='word_1_283' title='bbox 983 1837 1161 1868; x_wconf 87' lang='lat' dir='ltr'>contemnas</span> <span class='ocrx_word' id='word_1_284' title='bbox 1188 1838 1417 1879; x_wconf 83' lang='lat' dir='ltr'>deprecantem,</span> 
     </span>
    </p>
   </div>
   <div class='ocr_carea' id='block_1_20' title="bbox 281 1880 1385 2017">
    <p class='ocr_par' dir='ltr' id='par_1_29' title="bbox 281 1880 1385 2017">
     <span class='ocr_line' id='line_1_60' title="bbox 281 1880 1357 1928; baseline 0.004 -15"><span class='ocrx_word' id='word_1_285' title='bbox 281 1888 333 1919; x_wconf 84' lang='lat' dir='ltr'>Ad</span> <span class='ocrx_word' id='word_1_286' title='bbox 359 1897 496 1928; x_wconf 68' lang='lat' dir='ltr'>superna</span> <span class='ocrx_word' id='word_1_287' title='bbox 909 1880 985 1911; x_wconf 85' lang='lat' dir='ltr'>Cum</span> <span class='ocrx_word' id='word_1_288' title='bbox 1011 1883 1140 1914; x_wconf 84' lang='lat' dir='ltr'>exaudis</span> <span class='ocrx_word' id='word_1_289' title='bbox 1166 1887 1197 1915; x_wconf 84' lang='lat' dir='ltr'>et</span> <span class='ocrx_word' id='word_1_290' title='bbox 1220 1885 1357 1917; x_wconf 85' lang='lat' dir='ltr'>intendis</span> 
     </span>
     <span class='ocr_line' id='line_1_61' title="bbox 283 1925 1358 1972; baseline 0.006 -14"><span class='ocrx_word' id='word_1_291' title='bbox 283 1934 326 1966; x_wconf 66' lang='lat' dir='ltr'>Er,</span> <span class='ocrx_word' id='word_1_292' title='bbox 350 1937 479 1969; x_wconf 62' lang='lat' dir='ltr'>aeterna</span> <span class='ocrx_word' id='word_1_293' title='bbox 906 1925 950 1956; x_wconf 83' lang='lat' dir='ltr'>Et</span> <span class='ocrx_word' id='word_1_294' title='bbox 974 1936 992 1957; x_wconf 85' lang='lat' dir='ltr'>a</span> <span class='ocrx_word' id='word_1_295' title='bbox 1016 1929 1097 1959; x_wconf 89' lang='lat' dir='ltr'>malo</span> <span class='ocrx_word' id='word_1_296' title='bbox 1122 1939 1178 1961; x_wconf 89' lang='lat' dir='ltr'>nos</span> <span class='ocrx_word' id='word_1_297' title='bbox 1205 1931 1358 1972; x_wconf 84' lang='lat' dir='ltr'>defendiS,</span> 
     </span>
     <span class='ocr_line' id='line_1_62' title="bbox 328 1972 1385 2017; baseline 0.007 -12"><span class='ocrx_word' id='word_1_298' title='bbox 328 1981 461 2016; x_wconf 54' lang='lat' dir='ltr'>Gaudia,</span> <span class='ocrx_word' id='word_1_299' title='bbox 953 1972 1094 2012; x_wconf 78' lang='lat' dir='ltr'>Spei-abo</span> <span class='ocrx_word' id='word_1_300' title='bbox 1117 1976 1151 2006; x_wconf 94' lang='lat' dir='ltr'>in</span> <span class='ocrx_word' id='word_1_301' title='bbox 1175 1980 1217 2017; x_wconf 87' lang='lat' dir='ltr'>te,</span> <span class='ocrx_word' id='word_1_302' title='bbox 1242 1978 1385 2013; x_wconf 88' lang='lat' dir='ltr'>Domine.</span> 
     </span>
    </p>
   </div>
   <div class='ocr_carea' id='block_1_21' title="bbox 290 2076 643 2113">
    <p class='ocr_par' dir='ltr' id='par_1_30' title="bbox 290 2076 643 2113">
     <span class='ocr_line' id='line_1_63' title="bbox 290 2076 643 2113; baseline 0.014 -6"><span class='ocrx_word' id='word_1_303' title='bbox 290 2076 352 2107; x_wconf 91' lang='lat' dir='ltr'>Ad</span> <span class='ocrx_word' id='word_1_304' title='bbox 377 2076 643 2113; x_wconf 82' lang='lat' dir='ltr'>Matutinum.</span> 
     </span>
    </p>
   </div>
   <div class='ocr_carea' id='block_1_22' title="bbox 359 2150 574 2179">
    <p class='ocr_par' dir='ltr' id='par_1_31' title="bbox 359 2150 574 2179">
     <span class='ocr_line' id='line_1_64' title="bbox 359 2150 574 2179; baseline 0.014 -3"><span class='ocrx_word' id='word_1_305' title='bbox 359 2150 574 2179; x_wconf 79' lang='lat' dir='ltr'>Invitatorium.</span> 
     </span>
    </p>
   </div>
   <div class='ocr_carea' id='block_1_23' title="bbox 228 2206 694 2389">
    <p class='ocr_par' dir='ltr' id='par_1_32' title="bbox 228 2206 612 2295">
     <span class='ocr_line' id='line_1_65' title="bbox 229 2206 612 2249; baseline 0.016 -13"><span class='ocrx_word' id='word_1_306' title='bbox 229 2206 320 2245; x_wconf 88' lang='lat' dir='ltr'>Veni,</span> <span class='ocrx_word' id='word_1_307' title='bbox 346 2207 440 2239; x_wconf 88' lang='lat' dir='ltr'>turba</span> <span class='ocrx_word' id='word_1_308' title='bbox 463 2207 612 2249; x_wconf 86' lang='lat' dir='ltr'>fidelium,</span> 
     </span>
     <span class='ocr_line' id='line_1_66' title="bbox 228 2252 543 2295; baseline 0.01 -12"><span class='ocrx_word' id='word_1_309' title='bbox 228 2252 290 2284; x_wconf 88' lang='lat' dir='ltr'>Dei</span> <span class='ocrx_word' id='word_1_310' title='bbox 313 2253 411 2285; x_wconf 85' lang='lat' dir='ltr'>adora</span> <span class='ocrx_word' id='word_1_311' title='bbox 435 2253 543 2295; x_wconf 88' lang='lat' dir='ltr'>filium,</span> 
     </span>
    </p>

    <p class='ocr_par' dir='ltr' id='par_1_33' title="bbox 230 2299 694 2389">
     <span class='ocr_line' id='line_1_67' title="bbox 230 2299 694 2341; baseline 0.017 -12"><span class='ocrx_word' id='word_1_312' title='bbox 230 2299 289 2337; x_wconf 68' lang='lat' dir='ltr'>Qui</span> <span class='ocrx_word' id='word_1_313' title='bbox 315 2303 454 2332; x_wconf 88' lang='lat' dir='ltr'>sanctum</span> <span class='ocrx_word' id='word_1_314' title='bbox 479 2311 537 2341; x_wconf 88' lang='lat' dir='ltr'>pro</span> <span class='ocrx_word' id='word_1_315' title='bbox 562 2304 694 2336; x_wconf 87' lang='lat' dir='ltr'>victoria</span> 
     </span>
     <span class='ocr_line' id='line_1_68' title="bbox 231 2347 607 2389; baseline 0.021 -13"><span class='ocrx_word' id='word_1_316' title='bbox 231 2347 371 2382; x_wconf 79' lang='lat' dir='ltr'>Aeterna</span> <span class='ocrx_word' id='word_1_317' title='bbox 394 2347 475 2380; x_wconf 79' lang='lat' dir='ltr'>ditat</span> <span class='ocrx_word' id='word_1_318' title='bbox 497 2350 607 2389; x_wconf 86' lang='lat' dir='ltr'>gloria.</span> 
     </span>
    </p>
   </div>
   <div class='ocr_carea' id='block_1_24' title="bbox 1038 2068 1241 2103">
    <p class='ocr_par' dir='ltr' id='par_1_34' title="bbox 1038 2068 1241 2103">
     <span class='ocr_line' id='line_1_69' title="bbox 1038 2068 1241 2103; baseline 0.015 -9"><span class='ocrx_word' id='word_1_319' title='bbox 1038 2068 1241 2103; x_wconf 84' lang='lat' dir='ltr'>Responsoria.</span> 
     </span>
    </p>
   </div>
   <div class='ocr_carea' id='block_1_25' title="bbox 870 2122 1384 2162">
    <p class='ocr_par' dir='ltr' id='par_1_35' title="bbox 870 2122 1384 2162">
     <span class='ocr_line' id='line_1_70' title="bbox 870 2122 1384 2162; baseline 0.019 -10"><span class='ocrx_word' id='word_1_320' title='bbox 870 2147 877 2154; x_wconf 92' lang='lat'><strong>.</strong></span> <span class='ocrx_word' id='word_1_321' title='bbox 904 2122 1012 2154; x_wconf 89' lang='lat' dir='ltr'>Ortum</span> <span class='ocrx_word' id='word_1_322' title='bbox 1039 2124 1129 2157; x_wconf 78' lang='lat' dir='ltr'>duxit</span> <span class='ocrx_word' id='word_1_323' title='bbox 1153 2127 1216 2158; x_wconf 87' lang='lat' dir='ltr'>dux</span> <span class='ocrx_word' id='word_1_324' title='bbox 1241 2129 1384 2162; x_wconf 85' lang='lat' dir='ltr'>Kanutus</span> 
     </span>
    </p>
   </div>
   <div class='ocr_carea' id='block_1_26' title="bbox 903 2170 1378 2402">
    <p class='ocr_par' dir='ltr' id='par_1_36' title="bbox 950 2170 1251 2215">
     <span class='ocr_line' id='line_1_71' title="bbox 950 2170 1251 2215; baseline 0.02 -15"><span class='ocrx_word' id='word_1_325' title='bbox 950 2170 989 2200; x_wconf 87' lang='lat' dir='ltr'>de</span> <span class='ocrx_word' id='word_1_326' title='bbox 1014 2171 1120 2203; x_wconf 90' lang='lat' dir='ltr'>radice</span> <span class='ocrx_word' id='word_1_327' title='bbox 1144 2174 1251 2215; x_wconf 91' lang='lat' dir='ltr'>nobili,</span> 
     </span>
    </p>

    <p class='ocr_par' dir='ltr' id='par_1_37' title="bbox 903 2215 1295 2311">
     <span class='ocr_line' id='line_1_72' title="bbox 903 2215 1295 2253; baseline 0.023 -8"><span class='ocrx_word' id='word_1_328' title='bbox 903 2215 971 2246; x_wconf 86' lang='lat' dir='ltr'>Rex</span> <span class='ocrx_word' id='word_1_329' title='bbox 995 2217 1106 2251; x_wconf 83' lang='lat' dir='ltr'>Ericus</span> <span class='ocrx_word' id='word_1_330' title='bbox 1132 2223 1200 2252; x_wconf 81' lang='lat' dir='ltr'>erat</span> <span class='ocrx_word' id='word_1_331' title='bbox 1222 2222 1295 2253; x_wconf 89' lang='lat' dir='ltr'>huie</span> 
     </span>
     <span class='ocr_line' id='line_1_73' title="bbox 950 2268 1276 2311; baseline 0.021 -18"><span class='ocrx_word' id='word_1_332' title='bbox 950 2268 1139 2305; x_wconf 83' lang='lat' dir='ltr'>propagator</span> <span class='ocrx_word' id='word_1_333' title='bbox 1167 2268 1276 2311; x_wconf 88' lang='lat' dir='ltr'>soboli,</span> 
     </span>
    </p>

    <p class='ocr_par' dir='ltr' id='par_1_38' title="bbox 904 2309 1378 2402">
     <span class='ocr_line' id='line_1_74' title="bbox 904 2309 1378 2355; baseline 0.017 -15"><span class='ocrx_word' id='word_1_334' title='bbox 904 2309 954 2341; x_wconf 83' lang='lat' dir='ltr'>Ex</span> <span class='ocrx_word' id='word_1_335' title='bbox 979 2319 1039 2349; x_wconf 88' lang='lat' dir='ltr'>qua</span> <span class='ocrx_word' id='word_1_336' title='bbox 1062 2314 1161 2345; x_wconf 82' lang='lat' dir='ltr'>crevit</span> <span class='ocrx_word' id='word_1_337' title='bbox 1182 2316 1270 2355; x_wconf 86' lang='lat' dir='ltr'>regni</span> <span class='ocrx_word' id='word_1_338' title='bbox 1295 2317 1378 2348; x_wconf 87' lang='lat' dir='ltr'>salus</span> 
     </span>
     <span class='ocr_line' id='line_1_75' title="bbox 948 2357 1284 2402; baseline 0.024 -16"><span class='ocrx_word' id='word_1_339' title='bbox 948 2359 979 2387; x_wconf 89' lang='lat' dir='ltr'>et</span> <span class='ocrx_word' id='word_1_340' title='bbox 1004 2357 1134 2392; x_wconf 88' lang='lat' dir='ltr'>libertas</span> <span class='ocrx_word' id='word_1_341' title='bbox 1158 2363 1284 2402; x_wconf 90' lang='lat' dir='ltr'>popu]i;</span> 
     </span>
    </p>
   </div>
  </div>
 </body>
</html>
