1650 2542
717 123 937 157 ,28-

203 224 232 254 2.
259 221 349 252 Felix
374 221 529 252 Romanus

306 267 384 298 bene
409 266 507 298 fertur
528 265 716 305 Felicianus,

260 313 328 344 Non
352 313 469 344 Romae
492 314 592 351 natus,

305 359 359 390 sed
384 359 499 390 ibidem
525 356 612 388 fonte
635 358 771 393 renatus,

192 406 229 437 V.
262 406 319 436 Vel
343 405 424 444 quia,
452 405 523 435 dum
547 403 676 443 studuit,

306 451 377 482 huic
400 451 445 482 ibi
468 458 566 488 pausa
589 448 658 479 fuit.

203 508 232 539 3.
260 507 345 538 Inter
372 506 525 537 discentes

304 554 378 582 tunc
401 551 518 582 Romae
541 548 739 588 proficientes

263 598 376 629 Christi
404 597 525 627 cultura

306 642 363 673 fuit
387 643 448 680 ipsi
472 641 606 672 maxima
631 648 714 673 cura,

190 691 226 722 V.
256 689 312 720 Est
337 689 379 720 ad
404 689 534 719 maiores

302 735 372 765 idco
396 736 555 773 promotus
579 732 720 763 honores.

319 818 364 848 In
389 818 420 849 2.
446 816 667 846 Nocturno.

399 879 588 914 Antiphonae.

202 927 230 958 1.
255 927 384 958 Frivola
408 929 561 958 sectantes

301 975 330 1004 in
358 981 461 1004 amore
484 972 542 1003 Dei
568 971 714 1002 solidavit

256 1020 300 1051 Et
325 1020 524 1058 desperantes

302 1066 342 1097 ad
367 1074 451 1104 spem
480 1065 561 1095 vitae
584 1063 752 1094 revocavit.

200 1123 231 1155 2.
258 1121 393 1160 Pervigil
422 1120 545 1151 astabat

303 1167 433 1198 Domino
458 1166 626 1197 simulacra
641 1164 793 1203 negando,

257 1213 385 1252 Semper
409 1215 441 1243 et
464 1212 574 1243 orabat

302 1259 398 1290 sacris
425 1258 515 1289 dictis
539 1256 700 1287 inhiando.

200 1316 229 1347 3.
256 1316 321 1346 Iste
343 1314 409 1345 Deo
434 1316 539 1352 gratus

303 1360 384 1391 omni
409 1359 552 1390 laudetur
579 1357 618 1388 ab
643 1365 706 1393 ore,

254 1406 396 1445 Namque
422 1407 584 1436 coronatus

302 1452 428 1483 caelesti
452 1451 568 1491 gaudet
591 1450 715 1480 honore.

385 1524 588 1559 Responsoria.

199 1583 228 1614 1.
250 1581 376 1613 Mutans
402 1589 474 1620 ergo
499 1583 612 1611 statum

302 1628 431 1658 sortitur
455 1626 714 1666 presbyteratum,

257 1674 340 1705 Hinc
364 1672 465 1704 factus
489 1680 625 1711 praeses,

302 1720 343 1750 ad
367 1719 488 1757 singula
511 1718 633 1749 lubrica
658 1718 756 1753 deses,

186 1767 222 1799 V.
253 1767 289 1797 In
316 1765 432 1795 cunctis
459 1765 551 1795 vitam

303 1811 391 1843 duxit
414 1811 529 1841 virtute
548 1809 688 1849 politam.

198 1870 217 1899 2
253 1866 435 1906 Fulginearn
461 1868 581 1905 gentem

301 1921 427 1951 prorsus
453 1912 618 1943 simulacra
643 1911 792 1942 colentem

257 1959 336 1991 Inde
360 1958 548 1995 relustravit‚

301 2013 391 2044 quam
422 2004 492 2035 divo
519 2004 661 2043 dogmate
683 2003 780 2042 pavit,

186 2052 224 2084 V.
254 2052 358 2089 Atque
377 2050 471 2081 fidem
498 2049 614 2081 Christi

301 2097 457 2135 persuasit
479 2096 601 2134 plenius
625 2096 689 2128 isti.

199 2155 229 2185 3.
255 2152 357 2191 Ipsius
382 2154 465 2182 mota

326 2198 429 2229 verbis
455 2198 549 2229 Italia
572 2200 639 2228 tota

255 2246 320 2277 Iam
348 2245 530 2275 collaetatur

304 2291 521 2329 Christumque
545 2290 645 2321 Deum
666 2299 793 2322 venera-

575 2338 636 2376 tur,

856 217 890 249 V.
918 216 1047 254 Hacque
1069 213 1133 246 fide
1157 213 1237 244 fulta

965 270 1039 301 gens
1064 260 1228 300 adplaudit
1251 260 1311 291 sibi
1335 259 1442 290 multa.

981 373 1026 404 In
1052 374 1082 405 3.
1108 372 1330 403 Nocturno.

1061 445 1251 480 Antiphonae.

867 503 896 534 1.
924 502 1046 533 Christo
1072 500 1230 533 confidens

969 551 1123 579 tormenta
1146 547 1246 578 minus
1271 545 1438 581 metuebat,

923 594 1050 625 Nullum
1076 594 1227 625 collidens

968 641 1124 681 patienter
1148 647 1287 679 quaeque
1311 638 1443 671 ferebat.

868 688 898 718 2.
923 686 1033 717 Nullos
1059 685 1224 727 oppressit,

945 733 1040 763 nullis
1064 731 1124 762 fuit
1147 732 1208 761 iste
1232 731 1367 771 sinister,

922 778 993 820 Sed,
1020 778 1169 817 quidquid
1191 777 1295 816 gessit,

967 825 1034 856 veri
1059 823 1119 855 fuit
1142 824 1235 854 immo
1262 822 1414 854 minister.

865 882 895 913 3.
921 881 1068 912 Divinum
1093 880 1221 918 vultum,

968 935 1058 966 quem
1082 929 1148 957 tota
1172 928 1275 956 mente
1299 924 1429 963 cupivit,

923 974 982 1005 Pro
1008 981 1089 1004 nunc
1109 973 1148 1003 ob
1174 972 1289 1002 cultum

967 1019 1042 1051 fidei
1066 1019 1221 1049 laetanter
1245 1017 1354 1048 adivit.

1054 1091 1257 1126 Responsoria.

866 1148 895 1180 1.
922 1148 1038 1181 Christi
1064 1147 1190 1179 differre

967 1195 1095 1226 verbum
1123 1194 1182 1225 diis
1208 1196 1239 1224 et
1262 1201 1353 1224 sacra
1376 1190 1460 1223 ferre

920 1243 1001 1274 Dum
1024 1240 1237 1278 comminatur,

965 1288 1062 1319 Decio
1095 1287 1192 1326 magis
1216 1286 1458 1325 improperatur,

850 1335 888 1366 V.
919 1334 977 1365 His
1000 1333 1180 1364 insultando

965 1380 1156 1419 verbumque
1178 1379 1239 1410 Dei
1264 1377 1457 1417 replicando.

862 1437 893 1468 2.
918 1436 995 1467 Mox
1021 1438 1236 1474 tormentatur,

965 1482 1167 1521 suspenditur
1192 1484 1222 1511 et
1246 1481 1413 1521 laceratur,

920 1528 993 1567 Sed,
1021 1529 1093 1560 dum
1117 1530 1289 1568 torquetur,

967 1575 1125 1607 Christum
1134 1574 1205 1614 plus
1212 1571 1460 1613 quippefatetur,

848 1622 889 1654 V.
921 1621 1076 1660 Sanguine
1100 1621 1146 1651 sic
1170 1620 1285 1651 tinctus

965 1670 1108 1698 servatur
1132 1674 1258 1697 carcere
1280 1665 1413 1697 vinctus¹

864 1725 894 1755 3.
921 1723 1030 1754 Plures
1057 1722 1133 1753 dans
1157 1722 1259 1753 luctus

967 1769 1081 1809 populo
1108 1769 1147 1799 de
1172 1776 1298 1799 carcere
1324 1768 1434 1799 ductus

919 1816 1022 1847 Vitam
1048 1814 1158 1854 finivit,

965 1862 1095 1894 Romam
1123 1861 1194 1892 dum
1211 1861 1334 1892 vinctus
1351 1860 1461 1899 adivit,

851 1909 887 1940 V.
917 1909 1077 1948 Factaque
1100 1908 1274 1947 praedigna

966 1957 1039 1986 sunt
1064 1955 1131 1985 illic
1155 1954 1291 1994 plurima
1314 1954 1413 1993 signa.

1013 2068 1056 2098 In
1082 2067 1306 2100 Laudibus,

1058 2140 1249 2175 Antiphonae.

869 2200 896 2231 1.
922 2198 1046 2230 Laudes
1072 2199 1210 2230 dicamus

969 2248 1134 2285 gratesque
1157 2245 1224 2276 Deo
1250 2244 1423 2277 referamus

923 2291 1015 2323 Caelo
1041 2292 1194 2333 regnanti,

969 2339 1085 2369 sanctis
1111 2338 1257 2369 caelestia
1283 2338 1380 2371 danti.
