<?xml version="1.0" encoding="UTF-8"?>
<!DOCTYPE html PUBLIC "-//W3C//DTD XHTML 1.0 Transitional//EN"
    "http://www.w3.org/TR/xhtml1/DTD/xhtml1-transitional.dtd">
<html xmlns="http://www.w3.org/1999/xhtml" xml:lang="en" lang="en">
 <head>
  <title>
</title>
<meta http-equiv="Content-Type" content="text/html;charset=utf-8" />
  <meta name='ocr-system' content='tesseract 3.04.00' />
  <meta name='ocr-capabilities' content='ocr_page ocr_carea ocr_par ocr_line ocrx_word'/>
</head>
<body>
  <div class='ocr_page' id='page_1' title='image "./analectahymnica26drevuoft_00289.png"; bbox 0 0 1650 2542; ppageno 0'>
   <div class='ocr_carea' id='block_1_1' title="bbox 727 140 984 174">
    <p class='ocr_par' dir='ltr' id='par_1_1' title="bbox 727 140 984 174">
     <span class='ocr_line' id='line_1_1' title="bbox 727 140 984 174; baseline 0.008 -1"><span class='ocrx_word' id='word_1_1' title='bbox 727 140 984 174; x_wconf 79' lang='lat'>—286—</span> 
     </span>
    </p>
   </div>
   <div class='ocr_carea' id='block_1_2' title="bbox 614 228 1083 270">
    <p class='ocr_par' dir='ltr' id='par_1_2' title="bbox 614 228 1083 270">
     <span class='ocr_line' id='line_1_2' title="bbox 614 228 1083 270; baseline 0.002 -10"><span class='ocrx_word' id='word_1_2' title='bbox 614 229 676 260; x_wconf 84' lang='lat'>100.</span> <span class='ocrx_word' id='word_1_3' title='bbox 705 228 748 260; x_wconf 85' lang='lat' dir='ltr'>De</span> <span class='ocrx_word' id='word_1_4' title='bbox 767 230 876 260; x_wconf 75' lang='lat' dir='ltr'>sancta</span> <span class='ocrx_word' id='word_1_5' title='bbox 896 230 1083 270; x_wconf 76' lang='lat' dir='ltr'>Margareta.</span> 
     </span>
    </p>
   </div>
   <div class='ocr_carea' id='block_1_3' title="bbox 348 299 686 338">
    <p class='ocr_par' dir='ltr' id='par_1_3' title="bbox 348 299 686 338">
     <span class='ocr_line' id='line_1_3' title="bbox 348 299 686 338; baseline 0 -9"><span class='ocrx_word' id='word_1_6' title='bbox 348 299 393 329; x_wconf 86' lang='lat' dir='ltr'>In</span> <span class='ocrx_word' id='word_1_7' title='bbox 418 300 449 331; x_wconf 87' lang='lat'>1.</span> <span class='ocrx_word' id='word_1_8' title='bbox 477 299 686 338; x_wconf 83' lang='lat' dir='ltr'>vesperis.</span> 
     </span>
    </p>
   </div>
   <div class='ocr_carea' id='block_1_4' title="bbox 421 381 610 416">
    <p class='ocr_par' dir='ltr' id='par_1_4' title="bbox 421 381 610 416">
     <span class='ocr_line' id='line_1_4' title="bbox 421 381 610 416; baseline 0 -9"><span class='ocrx_word' id='word_1_9' title='bbox 421 381 610 416; x_wconf 82' lang='lat' dir='ltr'>Antiphonae.</span> 
     </span>
    </p>
   </div>
   <div class='ocr_carea' id='block_1_5' title="bbox 251 436 756 605">
    <p class='ocr_par' dir='ltr' id='par_1_5' title="bbox 251 436 756 605">
     <span class='ocr_line' id='line_1_5' title="bbox 251 436 606 475; baseline -0.003 -8"><span class='ocrx_word' id='word_1_10' title='bbox 251 460 259 467; x_wconf 95' lang='lat'>.</span> <span class='ocrx_word' id='word_1_11' title='bbox 281 436 403 467; x_wconf 85' lang='lat' dir='ltr'><strong>Nobilis</strong></span> <span class='ocrx_word' id='word_1_12' title='bbox 427 438 459 468; x_wconf 86' lang='lat' dir='ltr'>in</span> <span class='ocrx_word' id='word_1_13' title='bbox 485 445 606 475; x_wconf 80' lang='lat' dir='ltr'>genere,</span> 
     </span>
     <span class='ocr_line' id='line_1_6' title="bbox 329 482 756 521; baseline 0.002 -9"><span class='ocrx_word' id='word_1_14' title='bbox 329 483 505 521; x_wconf 80' lang='lat' dir='ltr'>generosior</span> <span class='ocrx_word' id='word_1_15' title='bbox 529 482 649 513; x_wconf 86' lang='lat' dir='ltr'>actibus</span> <span class='ocrx_word' id='word_1_16' title='bbox 675 491 756 521; x_wconf 86' lang='lat' dir='ltr'>aere,</span> 
     </span>
     <span class='ocr_line' id='line_1_7' title="bbox 280 527 590 566; baseline 0 -8"><span class='ocrx_word' id='word_1_17' title='bbox 280 528 404 566; x_wconf 84' lang='lat' dir='ltr'>Pauper</span> <span class='ocrx_word' id='word_1_18' title='bbox 427 527 483 559; x_wconf 89' lang='lat' dir='ltr'>flos</span> <span class='ocrx_word' id='word_1_19' title='bbox 507 527 590 566; x_wconf 86' lang='lat' dir='ltr'>fidei,</span> 
     </span>
     <span class='ocr_line' id='line_1_8' title="bbox 329 574 635 605; baseline 0.003 -1"><span class='ocrx_word' id='word_1_20' title='bbox 329 575 414 605; x_wconf 86' lang='lat' dir='ltr'>dives</span> <span class='ocrx_word' id='word_1_21' title='bbox 439 583 543 605; x_wconf 89' lang='lat' dir='ltr'>amore</span> <span class='ocrx_word' id='word_1_22' title='bbox 566 574 635 605; x_wconf 84' lang='lat' dir='ltr'>Dei.</span> 
     </span>
    </p>
   </div>
   <div class='ocr_carea' id='block_1_6' title="bbox 244 627 735 804">
    <p class='ocr_par' dir='ltr' id='par_1_6' title="bbox 244 627 735 714">
     <span class='ocr_line' id='line_1_9' title="bbox 244 627 735 670; baseline 0.002 -11"><span class='ocrx_word' id='word_1_23' title='bbox 244 652 252 659; x_wconf 87' lang='lat'>.</span> <span class='ocrx_word' id='word_1_24' title='bbox 277 627 380 659; x_wconf 88' lang='lat' dir='ltr'>Matre</span> <span class='ocrx_word' id='word_1_25' title='bbox 405 637 511 660; x_wconf 85' lang='lat' dir='ltr'>carens</span> <span class='ocrx_word' id='word_1_26' title='bbox 535 630 634 660; x_wconf 87' lang='lat' dir='ltr'>electa</span> <span class='ocrx_word' id='word_1_27' title='bbox 657 630 735 670; x_wconf 88' lang='lat' dir='ltr'>Deo,</span> 
     </span>
     <span class='ocr_line' id='line_1_10' title="bbox 326 675 600 714; baseline 0.007 -10"><span class='ocrx_word' id='word_1_28' title='bbox 326 675 374 704; x_wconf 92' lang='lat' dir='ltr'>cui</span> <span class='ocrx_word' id='word_1_29' title='bbox 398 675 483 714; x_wconf 85' lang='lat' dir='ltr'>virgo</span> <span class='ocrx_word' id='word_1_30' title='bbox 509 675 600 706; x_wconf 89' lang='lat' dir='ltr'>beata</span> 
     </span>
    </p>

    <p class='ocr_par' dir='ltr' id='par_1_7' title="bbox 278 720 663 804">
     <span class='ocr_line' id='line_1_11' title="bbox 278 720 594 762; baseline 0.003 -11"><span class='ocrx_word' id='word_1_31' title='bbox 278 720 419 759; x_wconf 80' lang='lat' dir='ltr'>Iungitur</span> <span class='ocrx_word' id='word_1_32' title='bbox 441 722 472 752; x_wconf 88' lang='lat' dir='ltr'>in</span> <span class='ocrx_word' id='word_1_33' title='bbox 498 722 594 762; x_wconf 81' lang='lat' dir='ltr'>cunis,</span> 
     </span>
     <span class='ocr_line' id='line_1_12' title="bbox 323 768 663 804; baseline 0.009 -7"><span class='ocrx_word' id='word_1_34' title='bbox 323 768 452 804; x_wconf 85' lang='lat' dir='ltr'>praevia</span> <span class='ocrx_word' id='word_1_35' title='bbox 475 768 566 798; x_wconf 85' lang='lat' dir='ltr'>stella</span> <span class='ocrx_word' id='word_1_36' title='bbox 590 769 663 801; x_wconf 82' lang='lat' dir='ltr'>suiS.</span> 
     </span>
    </p>
   </div>
   <div class='ocr_carea' id='block_1_7' title="bbox 244 821 767 998">
    <p class='ocr_par' dir='ltr' id='par_1_8' title="bbox 244 821 600 863">
     <span class='ocr_line' id='line_1_13' title="bbox 244 821 600 863; baseline 0.003 -10"><span class='ocrx_word' id='word_1_37' title='bbox 244 846 251 853; x_wconf 96' lang='lat'>.</span> <span class='ocrx_word' id='word_1_38' title='bbox 277 821 372 860; x_wconf 86' lang='lat' dir='ltr'>Virgo</span> <span class='ocrx_word' id='word_1_39' title='bbox 396 822 465 862; x_wconf 88' lang='lat' dir='ltr'>Dei,</span> <span class='ocrx_word' id='word_1_40' title='bbox 491 824 600 863; x_wconf 85' lang='lat' dir='ltr'>gaude,</span> 
     </span>
    </p>

    <p class='ocr_par' dir='ltr' id='par_1_9' title="bbox 273 869 767 954">
     <span class='ocr_line' id='line_1_14' title="bbox 323 869 767 909; baseline 0.007 -11"><span class='ocrx_word' id='word_1_41' title='bbox 323 876 413 905; x_wconf 91' lang='lat' dir='ltr'>quam</span> <span class='ocrx_word' id='word_1_42' title='bbox 440 869 519 900; x_wconf 87' lang='lat' dir='ltr'>ditat</span> <span class='ocrx_word' id='word_1_43' title='bbox 542 870 641 909; x_wconf 89' lang='lat' dir='ltr'>gloria</span> <span class='ocrx_word' id='word_1_44' title='bbox 664 870 767 909; x_wconf 87' lang='lat' dir='ltr'>laude,</span> 
     </span>
     <span class='ocr_line' id='line_1_15' title="bbox 273 913 588 954; baseline 0.01 -11"><span class='ocrx_word' id='word_1_45' title='bbox 273 913 318 943; x_wconf 89' lang='lat' dir='ltr'>Te</span> <span class='ocrx_word' id='word_1_46' title='bbox 344 917 493 953; x_wconf 76' lang='lat' dir='ltr'>regnante</span> <span class='ocrx_word' id='word_1_47' title='bbox 516 916 588 954; x_wconf 85' lang='lat' dir='ltr'>polo</span> 
     </span>
    </p>

    <p class='ocr_par' dir='ltr' id='par_1_10' title="bbox 319 960 697 998">
     <span class='ocr_line' id='line_1_16' title="bbox 319 960 697 998; baseline 0.011 -9"><span class='ocrx_word' id='word_1_48' title='bbox 319 960 453 998; x_wconf 83' lang='lat' dir='ltr'>gaudeat</span> <span class='ocrx_word' id='word_1_49' title='bbox 476 962 573 992; x_wconf 90' lang='lat' dir='ltr'>omnis</span> <span class='ocrx_word' id='word_1_50' title='bbox 597 962 697 994; x_wconf 89' lang='lat' dir='ltr'>homo.</span> 
     </span>
    </p>
   </div>
   <div class='ocr_carea' id='block_1_8' title="bbox 241 1013 809 1189">
    <p class='ocr_par' dir='ltr' id='par_1_11' title="bbox 241 1013 809 1189">
     <span class='ocr_line' id='line_1_17' title="bbox 241 1013 809 1061; baseline 0.005 -15"><span class='ocrx_word' id='word_1_51' title='bbox 241 1040 247 1046; x_wconf 94' lang='lat'>.</span> <span class='ocrx_word' id='word_1_52' title='bbox 272 1013 355 1044; x_wconf 85' lang='lat' dir='ltr'>Esca</span> <span class='ocrx_word' id='word_1_53' title='bbox 376 1016 478 1054; x_wconf 91' lang='lat' dir='ltr'>timor,</span> <span class='ocrx_word' id='word_1_54' title='bbox 503 1017 585 1056; x_wconf 78' lang='lat' dir='ltr'>rigat</span> <span class='ocrx_word' id='word_1_55' title='bbox 607 1018 693 1049; x_wconf 92' lang='lat' dir='ltr'>unda</span> <span class='ocrx_word' id='word_1_56' title='bbox 716 1018 809 1061; x_wconf 83' lang='lat' dir='ltr'>sitim,</span> 
     </span>
     <span class='ocr_line' id='line_1_18' title="bbox 318 1063 693 1103; baseline 0.013 -13"><span class='ocrx_word' id='word_1_57' title='bbox 318 1069 404 1091; x_wconf 87' lang='lat' dir='ltr'>mens</span> <span class='ocrx_word' id='word_1_58' title='bbox 429 1065 517 1100; x_wconf 89' lang='lat' dir='ltr'>grata</span> <span class='ocrx_word' id='word_1_59' title='bbox 540 1063 693 1103; x_wconf 85' lang='lat' dir='ltr'>ministra,</span> 
     </span>
     <span class='ocr_line' id='line_1_19' title="bbox 270 1105 617 1149; baseline 0.014 -14"><span class='ocrx_word' id='word_1_60' title='bbox 270 1105 384 1137; x_wconf 86' lang='lat' dir='ltr'>Lectus</span> <span class='ocrx_word' id='word_1_61' title='bbox 408 1110 501 1148; x_wconf 87' lang='lat' dir='ltr'>terra,</span> <span class='ocrx_word' id='word_1_62' title='bbox 526 1109 617 1149; x_wconf 87' lang='lat' dir='ltr'>lapis,</span> 
     </span>
     <span class='ocr_line' id='line_1_20' title="bbox 315 1153 658 1189; baseline 0.015 -7"><span class='ocrx_word' id='word_1_63' title='bbox 315 1153 432 1184; x_wconf 87' lang='lat' dir='ltr'>mansio</span> <span class='ocrx_word' id='word_1_64' title='bbox 455 1162 560 1186; x_wconf 90' lang='lat' dir='ltr'>carcer</span> <span class='ocrx_word' id='word_1_65' title='bbox 584 1158 658 1189; x_wconf 87' lang='lat' dir='ltr'>erat.</span> 
     </span>
    </p>
   </div>
   <div class='ocr_carea' id='block_1_9' title="bbox 380 1225 618 1262">
    <p class='ocr_par' dir='ltr' id='par_1_12' title="bbox 380 1225 618 1262">
     <span class='ocr_line' id='line_1_21' title="bbox 380 1225 618 1262; baseline 0.013 -11"><span class='ocrx_word' id='word_1_66' title='bbox 380 1225 425 1252; x_wconf 89' lang='lat' dir='ltr'>Ad</span> <span class='ocrx_word' id='word_1_67' title='bbox 444 1226 618 1262; x_wconf 81' lang='lat' dir='ltr'>Mag-nificat.</span> 
     </span>
    </p>
   </div>
   <div class='ocr_carea' id='block_1_10' title="bbox 265 1278 723 1593">
    <p class='ocr_par' dir='ltr' id='par_1_13' title="bbox 265 1278 723 1593">
     <span class='ocr_line' id='line_1_22' title="bbox 268 1278 723 1325; baseline 0.013 -15"><span class='ocrx_word' id='word_1_68' title='bbox 268 1279 381 1311; x_wconf 86' lang='lat' dir='ltr'>Sancta</span> <span class='ocrx_word' id='word_1_69' title='bbox 406 1278 515 1325; x_wconf 88' lang='lat' dir='ltr'>[virgo]</span> <span class='ocrx_word' id='word_1_70' title='bbox 540 1284 723 1324; x_wconf 81' lang='lat' dir='ltr'>Margarita,</span> 
     </span>
     <span class='ocr_line' id='line_1_23' title="bbox 314 1327 620 1371; baseline 0.013 -14"><span class='ocrx_word' id='word_1_71' title='bbox 314 1327 492 1366; x_wconf 81' lang='lat' dir='ltr'>Indigentes</span> <span class='ocrx_word' id='word_1_72' title='bbox 517 1329 620 1371; x_wconf 87' lang='lat' dir='ltr'>refice,</span> 
     </span>
     <span class='ocr_line' id='line_1_24' title="bbox 268 1372 658 1416; baseline 0.013 -14"><span class='ocrx_word' id='word_1_73' title='bbox 268 1372 361 1403; x_wconf 86' lang='lat' dir='ltr'>Petra</span> <span class='ocrx_word' id='word_1_74' title='bbox 384 1373 473 1405; x_wconf 90' lang='lat' dir='ltr'>firma</span> <span class='ocrx_word' id='word_1_75' title='bbox 497 1377 528 1405; x_wconf 92' lang='lat' dir='ltr'>et</span> <span class='ocrx_word' id='word_1_76' title='bbox 551 1377 658 1416; x_wconf 84' lang='lat' dir='ltr'>polita,</span> 
     </span>
     <span class='ocr_line' id='line_1_25' title="bbox 313 1418 693 1462; baseline 0.013 -13"><span class='ocrx_word' id='word_1_77' title='bbox 313 1418 378 1450; x_wconf 69' lang='lat' dir='ltr'>Nos</span> <span class='ocrx_word' id='word_1_78' title='bbox 403 1420 544 1452; x_wconf 86' lang='lat' dir='ltr'>labentes</span> <span class='ocrx_word' id='word_1_79' title='bbox 567 1423 693 1462; x_wconf 83' lang='lat' dir='ltr'>sustine,</span> 
     </span>
     <span class='ocr_line' id='line_1_26' title="bbox 266 1464 656 1507; baseline 0.018 -14"><span class='ocrx_word' id='word_1_80' title='bbox 266 1464 314 1494; x_wconf 85' lang='lat' dir='ltr'>Tu</span> <span class='ocrx_word' id='word_1_81' title='bbox 336 1466 457 1497; x_wconf 86' lang='lat' dir='ltr'>medela</span> <span class='ocrx_word' id='word_1_82' title='bbox 480 1469 656 1507; x_wconf 82' lang='lat' dir='ltr'>aegrotatis,</span> 
     </span>
     <span class='ocr_line' id='line_1_27' title="bbox 265 1510 615 1552; baseline 0.009 -10"><span class='ocrx_word' id='word_1_83' title='bbox 265 1510 355 1542; x_wconf 87' lang='lat' dir='ltr'>Sanis</span> <span class='ocrx_word' id='word_1_84' title='bbox 378 1512 455 1543; x_wconf 89' lang='lat' dir='ltr'>odor</span> <span class='ocrx_word' id='word_1_85' title='bbox 478 1513 615 1552; x_wconf 88' lang='lat' dir='ltr'>pietatis,</span> 
     </span>
     <span class='ocr_line' id='line_1_28' title="bbox 311 1556 646 1593; baseline 0.015 -6"><span class='ocrx_word' id='word_1_86' title='bbox 311 1556 519 1590; x_wconf 82' lang='lat' dir='ltr'>Gemiscentes</span> <span class='ocrx_word' id='word_1_87' title='bbox 544 1559 646 1593; x_wconf 87' lang='lat' dir='ltr'>refice.</span> 
     </span>
    </p>
   </div>
   <div class='ocr_carea' id='block_1_11' title="bbox 328 1659 668 1694">
    <p class='ocr_par' dir='ltr' id='par_1_14' title="bbox 328 1659 668 1694">
     <span class='ocr_line' id='line_1_29' title="bbox 328 1659 668 1694; baseline 0.015 -5"><span class='ocrx_word' id='word_1_88' title='bbox 328 1659 387 1690; x_wconf 84' lang='lat' dir='ltr'>Ad</span> <span class='ocrx_word' id='word_1_89' title='bbox 409 1659 668 1694; x_wconf 83' lang='lat' dir='ltr'>Matutinum.</span> 
     </span>
    </p>
   </div>
   <div class='ocr_carea' id='block_1_12' title="bbox 395 1731 604 1761">
    <p class='ocr_par' dir='ltr' id='par_1_15' title="bbox 395 1731 604 1761">
     <span class='ocr_line' id='line_1_30' title="bbox 395 1731 604 1761; baseline 0.019 -4"><span class='ocrx_word' id='word_1_90' title='bbox 395 1731 604 1761; x_wconf 80' lang='lat' dir='ltr'>Invitatorium.</span> 
     </span>
    </p>
   </div>
   <div class='ocr_carea' id='block_1_13' title="bbox 260 1785 761 1919">
    <p class='ocr_par' dir='ltr' id='par_1_16' title="bbox 260 1785 761 1919">
     <span class='ocr_line' id='line_1_31' title="bbox 264 1785 761 1833; baseline 0.018 -17"><span class='ocrx_word' id='word_1_91' title='bbox 264 1785 419 1817; x_wconf 81' lang='lat' dir='ltr'>Christum</span> <span class='ocrx_word' id='word_1_92' title='bbox 443 1788 543 1820; x_wconf 91' lang='lat' dir='ltr'>Deum</span> <span class='ocrx_word' id='word_1_93' title='bbox 566 1796 761 1833; x_wconf 87' lang='lat' dir='ltr'>venerantes,</span> 
     </span>
     <span class='ocr_line' id='line_1_32' title="bbox 260 1832 709 1882; baseline 0.018 -20"><span class='ocrx_word' id='word_1_94' title='bbox 260 1832 464 1872; x_wconf 86' lang='lat' dir='ltr'>Margaritam</span> <span class='ocrx_word' id='word_1_95' title='bbox 489 1836 709 1882; x_wconf 81' lang='lat' dir='ltr'>collaudantes,</span> 
     </span>
     <span class='ocr_line' id='line_1_33' title="bbox 310 1879 626 1919; baseline 0.019 -10"><span class='ocrx_word' id='word_1_96' title='bbox 310 1879 427 1919; x_wconf 89' lang='lat' dir='ltr'>Venite,</span> <span class='ocrx_word' id='word_1_97' title='bbox 454 1882 626 1915; x_wconf 86' lang='lat' dir='ltr'>adoremus.</span> 
     </span>
    </p>
   </div>
   <div class='ocr_carea' id='block_1_14' title="bbox 318 1982 669 2020">
    <p class='ocr_par' dir='ltr' id='par_1_17' title="bbox 318 1982 669 2020">
     <span class='ocr_line' id='line_1_34' title="bbox 318 1982 669 2020; baseline 0.02 -8"><span class='ocrx_word' id='word_1_98' title='bbox 318 1983 364 2012; x_wconf 84' lang='lat' dir='ltr'>ln</span> <span class='ocrx_word' id='word_1_99' title='bbox 391 1982 420 2013; x_wconf 86' lang='lat'>1.</span> <span class='ocrx_word' id='word_1_100' title='bbox 446 1983 669 2020; x_wconf 88' lang='lat' dir='ltr'>NocturnO.</span> 
     </span>
    </p>
   </div>
   <div class='ocr_carea' id='block_1_15' title="bbox 397 2054 588 2091">
    <p class='ocr_par' dir='ltr' id='par_1_18' title="bbox 397 2054 588 2091">
     <span class='ocr_line' id='line_1_35' title="bbox 397 2054 588 2091; baseline 0.016 -11"><span class='ocrx_word' id='word_1_101' title='bbox 397 2054 588 2091; x_wconf 83' lang='lat' dir='ltr'>Antiphonae.</span> 
     </span>
    </p>
   </div>
   <div class='ocr_carea' id='block_1_16' title="bbox 223 2108 714 2285">
    <p class='ocr_par' dir='ltr' id='par_1_19' title="bbox 223 2108 714 2193">
     <span class='ocr_line' id='line_1_36' title="bbox 223 2108 630 2146; baseline 0.017 -7"><span class='ocrx_word' id='word_1_102' title='bbox 223 2133 231 2140; x_wconf 91' lang='lat'><strong>.</strong></span> <span class='ocrx_word' id='word_1_103' title='bbox 256 2108 325 2140; x_wconf 80' lang='lat' dir='ltr'>Lux</span> <span class='ocrx_word' id='word_1_104' title='bbox 351 2114 417 2141; x_wconf 85' lang='lat' dir='ltr'>erat</span> <span class='ocrx_word' id='word_1_105' title='bbox 436 2112 470 2142; x_wconf 91' lang='lat' dir='ltr'>in</span> <span class='ocrx_word' id='word_1_106' title='bbox 493 2115 630 2146; x_wconf 88' lang='lat' dir='ltr'>tenebris</span> 
     </span>
     <span class='ocr_line' id='line_1_37' title="bbox 302 2156 714 2193; baseline 0.017 -7"><span class='ocrx_word' id='word_1_107' title='bbox 302 2164 366 2186; x_wconf 92' lang='lat' dir='ltr'>non</span> <span class='ocrx_word' id='word_1_108' title='bbox 390 2156 554 2190; x_wconf 89' lang='lat' dir='ltr'>obscurata</span> <span class='ocrx_word' id='word_1_109' title='bbox 577 2162 714 2193; x_wconf 84' lang='lat' dir='ltr'>tenebris</span> 
     </span>
    </p>

    <p class='ocr_par' dir='ltr' id='par_1_20' title="bbox 256 2201 662 2285">
     <span class='ocr_line' id='line_1_38' title="bbox 256 2201 581 2246; baseline 0.015 -14"><span class='ocrx_word' id='word_1_110' title='bbox 256 2201 329 2242; x_wconf 87' lang='lat' dir='ltr'>Tus,</span> <span class='ocrx_word' id='word_1_111' title='bbox 355 2211 472 2246; x_wconf 82' lang='lat' dir='ltr'>aurum,</span> <span class='ocrx_word' id='word_1_112' title='bbox 500 2206 581 2237; x_wconf 87' lang='lat' dir='ltr'>(lona</span> 
     </span>
     <span class='ocr_line' id='line_1_39' title="bbox 300 2250 662 2285; baseline 0.017 -7"><span class='ocrx_word' id='word_1_113' title='bbox 300 2257 423 2280; x_wconf 83' lang='lat' dir='ltr'>murrea</span> <span class='ocrx_word' id='word_1_114' title='bbox 446 2250 525 2282; x_wconf 89' lang='lat' dir='ltr'>mira</span> <span class='ocrx_word' id='word_1_115' title='bbox 548 2251 662 2285; x_wconf 88' lang='lat' dir='ltr'>ferens.</span> 
     </span>
    </p>
   </div>
   <div class='ocr_carea' id='block_1_17' title="bbox 221 2303 762 2397">
    <p class='ocr_par' dir='ltr' id='par_1_21' title="bbox 221 2303 762 2397">
     <span class='ocr_line' id='line_1_40' title="bbox 221 2303 601 2346; baseline 0.013 -12"><span class='ocrx_word' id='word_1_116' title='bbox 221 2328 228 2335; x_wconf 91' lang='lat'><em>.</em></span> <span class='ocrx_word' id='word_1_117' title='bbox 255 2303 364 2335; x_wconf 86' lang='lat' dir='ltr'>Cincta</span> <span class='ocrx_word' id='word_1_118' title='bbox 387 2308 481 2344; x_wconf 88' lang='lat' dir='ltr'>caput</span> <span class='ocrx_word' id='word_1_119' title='bbox 503 2306 601 2346; x_wconf 87' lang='lat' dir='ltr'>lauro,</span> 
     </span>
     <span class='ocr_line' id='line_1_41' title="bbox 299 2351 762 2397; baseline 0.015 -16"><span class='ocrx_word' id='word_1_120' title='bbox 299 2351 405 2393; x_wconf 82' lang='lat' dir='ltr'>iaspis,</span> <span class='ocrx_word' id='word_1_121' title='bbox 431 2353 597 2391; x_wconf 78' lang='lat' dir='ltr'>crystallus</span> <span class='ocrx_word' id='word_1_122' title='bbox 621 2356 653 2386; x_wconf 89' lang='lat' dir='ltr'>in</span> <span class='ocrx_word' id='word_1_123' title='bbox 677 2365 762 2397; x_wconf 84' lang='lat' dir='ltr'>auro,</span> 
     </span>
    </p>
   </div>
   <div class='ocr_carea' id='block_1_18' title="bbox 949 299 1381 386">
    <p class='ocr_par' dir='ltr' id='par_1_22' title="bbox 949 299 1381 386">
     <span class='ocr_line' id='line_1_42' title="bbox 949 299 1381 339; baseline 0.002 -8"><span class='ocrx_word' id='word_1_124' title='bbox 949 299 1078 331; x_wconf 84' lang='lat' dir='ltr'>Gemma</span> <span class='ocrx_word' id='word_1_125' title='bbox 1102 301 1223 332; x_wconf 87' lang='lat' dir='ltr'>clarens</span> <span class='ocrx_word' id='word_1_126' title='bbox 1248 302 1381 339; x_wconf 87' lang='lat' dir='ltr'>miseris,</span> 
     </span>
     <span class='ocr_line' id='line_1_43' title="bbox 994 347 1368 386; baseline 0.008 -9"><span class='ocrx_word' id='word_1_127' title='bbox 994 347 1112 378; x_wconf 87' lang='lat' dir='ltr'>semina</span> <span class='ocrx_word' id='word_1_128' title='bbox 1135 350 1225 386; x_wconf 83' lang='lat' dir='ltr'>grata</span> <span class='ocrx_word' id='word_1_129' title='bbox 1248 357 1368 380; x_wconf 85' lang='lat' dir='ltr'>serenS.</span> 
     </span>
    </p>
   </div>
   <div class='ocr_carea' id='block_1_19' title="bbox 891 401 1264 442">
    <p class='ocr_par' dir='ltr' id='par_1_23' title="bbox 891 401 1264 442">
     <span class='ocr_line' id='line_1_44' title="bbox 891 401 1264 442; baseline 0.003 -9"><span class='ocrx_word' id='word_1_130' title='bbox 891 402 922 433; x_wconf 87' lang='lat'>3.</span> <span class='ocrx_word' id='word_1_131' title='bbox 947 401 1065 433; x_wconf 85' lang='lat' dir='ltr'>Terrea</span> <span class='ocrx_word' id='word_1_132' title='bbox 1088 403 1264 442; x_wconf 82' lang='lat' dir='ltr'>linquentes</span> 
     </span>
    </p>
   </div>
   <div class='ocr_carea' id='block_1_20' title="bbox 945 445 1475 574">
    <p class='ocr_par' dir='ltr' id='par_1_24' title="bbox 945 445 1475 574">
     <span class='ocr_line' id='line_1_45' title="bbox 995 445 1475 492; baseline 0.004 -13"><span class='ocrx_word' id='word_1_133' title='bbox 995 445 1131 492; x_wconf 87' lang='lat' dir='ltr'>[lustrat]</span> <span class='ocrx_word' id='word_1_134' title='bbox 1156 450 1210 480; x_wconf 85' lang='lat' dir='ltr'>lux</span> <span class='ocrx_word' id='word_1_135' title='bbox 1235 449 1313 480; x_wconf 89' lang='lat' dir='ltr'>lucis</span> <span class='ocrx_word' id='word_1_136' title='bbox 1340 452 1475 491; x_wconf 80' lang='lat' dir='ltr'>egenteS,</span> 
     </span>
     <span class='ocr_line' id='line_1_46' title="bbox 945 495 1239 535; baseline 0.003 -10"><span class='ocrx_word' id='word_1_137' title='bbox 945 495 984 525; x_wconf 89' lang='lat' dir='ltr'>In</span> <span class='ocrx_word' id='word_1_138' title='bbox 1008 495 1108 525; x_wconf 89' lang='lat' dir='ltr'>lucem</span> <span class='ocrx_word' id='word_1_139' title='bbox 1131 496 1239 535; x_wconf 87' lang='lat' dir='ltr'>posuit</span> 
     </span>
     <span class='ocr_line' id='line_1_47' title="bbox 991 540 1385 574; baseline 0.005 -3"><span class='ocrx_word' id='word_1_140' title='bbox 991 540 1046 572; x_wconf 80' lang='lat' dir='ltr'>lux</span> <span class='ocrx_word' id='word_1_141' title='bbox 1070 542 1138 572; x_wconf 90' lang='lat' dir='ltr'>sine</span> <span class='ocrx_word' id='word_1_142' title='bbox 1160 541 1223 573; x_wconf 91' lang='lat' dir='ltr'>fine</span> <span class='ocrx_word' id='word_1_143' title='bbox 1245 551 1385 574; x_wconf 86' lang='lat' dir='ltr'>manens.</span> 
     </span>
    </p>
   </div>
   <div class='ocr_carea' id='block_1_21' title="bbox 911 595 1303 629">
    <p class='ocr_par' dir='ltr' id='par_1_25' title="bbox 911 595 1303 629">
     <span class='ocr_line' id='line_1_48' title="bbox 911 595 1303 629; baseline 0.01 -5"><span class='ocrx_word' id='word_1_144' title='bbox 911 621 918 628; x_wconf 83' lang='lat'>,</span> <span class='ocrx_word' id='word_1_145' title='bbox 943 595 1027 626; x_wconf 90' lang='lat' dir='ltr'>Proh</span> <span class='ocrx_word' id='word_1_146' title='bbox 1055 597 1144 628; x_wconf 93' lang='lat' dir='ltr'>dolor</span> <span class='ocrx_word' id='word_1_147' title='bbox 1167 597 1303 629; x_wconf 90' lang='lat' dir='ltr'>imbellis</span> 
     </span>
    </p>
   </div>
   <div class='ocr_carea' id='block_1_22' title="bbox 942 643 1426 775">
    <p class='ocr_par' dir='ltr' id='par_1_26' title="bbox 942 643 1426 775">
     <span class='ocr_line' id='line_1_49' title="bbox 990 643 1426 683; baseline 0.005 -11"><span class='ocrx_word' id='word_1_148' title='bbox 990 645 1142 674; x_wconf 86' lang='lat' dir='ltr'>tortorum</span> <span class='ocrx_word' id='word_1_149' title='bbox 1169 652 1259 674; x_wconf 86' lang='lat' dir='ltr'>caesa</span> <span class='ocrx_word' id='word_1_150' title='bbox 1282 643 1426 683; x_wconf 85' lang='lat' dir='ltr'>flagellis,</span> 
     </span>
     <span class='ocr_line' id='line_1_50' title="bbox 942 687 1202 729; baseline 0.004 -10"><span class='ocrx_word' id='word_1_151' title='bbox 942 687 979 719; x_wconf 92' lang='lat' dir='ltr'>In</span> <span class='ocrx_word' id='word_1_152' title='bbox 1002 689 1070 719; x_wconf 89' lang='lat' dir='ltr'>visu</span> <span class='ocrx_word' id='word_1_153' title='bbox 1093 690 1202 729; x_wconf 83' lang='lat' dir='ltr'>populi</span> 
     </span>
     <span class='ocr_line' id='line_1_51' title="bbox 989 735 1323 775; baseline 0.009 -10"><span class='ocrx_word' id='word_1_154' title='bbox 989 735 1127 766; x_wconf 78' lang='lat' dir='ltr'>traditur</span> <span class='ocrx_word' id='word_1_155' title='bbox 1150 745 1230 775; x_wconf 86' lang='lat' dir='ltr'>agna</span> <span class='ocrx_word' id='word_1_156' title='bbox 1253 736 1323 769; x_wconf 84' lang='lat' dir='ltr'>Dei.</span> 
     </span>
    </p>
   </div>
   <div class='ocr_carea' id='block_1_23' title="bbox 909 790 1293 834">
    <p class='ocr_par' dir='ltr' id='par_1_27' title="bbox 909 790 1293 834">
     <span class='ocr_line' id='line_1_52' title="bbox 909 790 1293 834; baseline 0.003 -12"><span class='ocrx_word' id='word_1_157' title='bbox 909 815 916 822; x_wconf 95' lang='lat'>.</span> <span class='ocrx_word' id='word_1_158' title='bbox 942 790 1034 829; x_wconf 83' lang='lat' dir='ltr'>Agna</span> <span class='ocrx_word' id='word_1_159' title='bbox 1056 791 1173 834; x_wconf 77' lang='lat' dir='ltr'>lupum,</span> <span class='ocrx_word' id='word_1_160' title='bbox 1202 800 1293 823; x_wconf 83' lang='lat' dir='ltr'>caesa</span> 
     </span>
    </p>
   </div>
   <div class='ocr_carea' id='block_1_24' title="bbox 939 837 1414 963">
    <p class='ocr_par' dir='ltr' id='par_1_28' title="bbox 939 837 1414 963">
     <span class='ocr_line' id='line_1_53' title="bbox 988 837 1414 870; baseline 0.005 -3"><span class='ocrx_word' id='word_1_161' title='bbox 988 837 1153 868; x_wconf 79' lang='lat' dir='ltr'>caedentes</span> <span class='ocrx_word' id='word_1_162' title='bbox 1177 838 1334 869; x_wconf 87' lang='lat' dir='ltr'>vermibus</span> <span class='ocrx_word' id='word_1_163' title='bbox 1360 847 1414 870; x_wconf 91' lang='lat' dir='ltr'>esa</span> 
     </span>
     <span class='ocr_line' id='line_1_54' title="bbox 939 881 1216 915; baseline 0.007 -1"><span class='ocrx_word' id='word_1_164' title='bbox 939 881 1026 914; x_wconf 80' lang='lat' dir='ltr'>Vicit</span> <span class='ocrx_word' id='word_1_165' title='bbox 1051 885 1084 914; x_wconf 91' lang='lat' dir='ltr'>et</span> <span class='ocrx_word' id='word_1_166' title='bbox 1105 884 1216 915; x_wconf 87' lang='lat' dir='ltr'>illaesa</span> 
     </span>
     <span class='ocr_line' id='line_1_55' title="bbox 986 927 1260 963; baseline 0.015 -4"><span class='ocrx_word' id='word_1_167' title='bbox 986 927 1190 961; x_wconf 83' lang='lat' dir='ltr'>fructificavit</span> <span class='ocrx_word' id='word_1_168' title='bbox 1213 939 1260 963; x_wconf 89' lang='lat' dir='ltr'>ea.</span> 
     </span>
    </p>
   </div>
   <div class='ocr_carea' id='block_1_25' title="bbox 904 983 1196 1028">
    <p class='ocr_par' dir='ltr' id='par_1_29' title="bbox 904 983 1196 1028">
     <span class='ocr_line' id='line_1_56' title="bbox 904 983 1196 1028; baseline 0.01 -14"><span class='ocrx_word' id='word_1_169' title='bbox 904 1008 911 1015; x_wconf 95' lang='lat'><strong>.</strong></span> <span class='ocrx_word' id='word_1_170' title='bbox 936 983 1053 1016; x_wconf 87' lang='lat' dir='ltr'>Dedita</span> <span class='ocrx_word' id='word_1_171' title='bbox 1075 987 1196 1028; x_wconf 86' lang='lat' dir='ltr'>tortori,</span> 
     </span>
    </p>
   </div>
   <div class='ocr_carea' id='block_1_26' title="bbox 937 1031 1459 1164">
    <p class='ocr_par' dir='ltr' id='par_1_30' title="bbox 937 1031 1459 1164">
     <span class='ocr_line' id='line_1_57' title="bbox 983 1031 1459 1073; baseline 0.008 -12"><span class='ocrx_word' id='word_1_172' title='bbox 983 1031 1038 1069; x_wconf 85' lang='lat' dir='ltr'>pia</span> <span class='ocrx_word' id='word_1_173' title='bbox 1061 1040 1190 1063; x_wconf 83' lang='lat' dir='ltr'>munera</span> <span class='ocrx_word' id='word_1_174' title='bbox 1215 1033 1291 1064; x_wconf 88' lang='lat' dir='ltr'>dans</span> <span class='ocrx_word' id='word_1_175' title='bbox 1316 1034 1459 1073; x_wconf 86' lang='lat' dir='ltr'>genitori,</span> 
     </span>
     <span class='ocr_line' id='line_1_58' title="bbox 937 1076 1248 1117; baseline 0.006 -10"><span class='ocrx_word' id='word_1_176' title='bbox 937 1076 982 1107; x_wconf 89' lang='lat' dir='ltr'>Ut</span> <span class='ocrx_word' id='word_1_177' title='bbox 1004 1078 1104 1115; x_wconf 83' lang='lat' dir='ltr'>possit</span> <span class='ocrx_word' id='word_1_178' title='bbox 1127 1079 1248 1117; x_wconf 88' lang='lat' dir='ltr'>sprevit</span> 
     </span>
     <span class='ocr_line' id='line_1_59' title="bbox 982 1132 1313 1164; baseline 0.009 -10"><span class='ocrx_word' id='word_1_179' title='bbox 982 1132 1089 1155; x_wconf 80' lang='lat' dir='ltr'>vivere</span> <span class='ocrx_word' id='word_1_180' title='bbox 1112 1134 1199 1164; x_wconf 84' lang='lat' dir='ltr'>virgo</span> <span class='ocrx_word' id='word_1_181' title='bbox 1223 1134 1313 1158; x_wconf 81' lang='lat' dir='ltr'>mori.</span> 
     </span>
    </p>
   </div>
   <div class='ocr_carea' id='block_1_27' title="bbox 1074 1234 1278 1269">
    <p class='ocr_par' dir='ltr' id='par_1_31' title="bbox 1074 1234 1278 1269">
     <span class='ocr_line' id='line_1_60' title="bbox 1074 1234 1278 1269; baseline 0.005 -9"><span class='ocrx_word' id='word_1_182' title='bbox 1074 1234 1278 1269; x_wconf 83' lang='lat' dir='ltr'>Responsoria.</span> 
     </span>
    </p>
   </div>
   <div class='ocr_carea' id='block_1_28' title="bbox 900 1316 1264 1357">
    <p class='ocr_par' dir='ltr' id='par_1_32' title="bbox 900 1316 1264 1357">
     <span class='ocr_line' id='line_1_61' title="bbox 900 1316 1264 1357; baseline 0.003 -8"><span class='ocrx_word' id='word_1_183' title='bbox 900 1341 908 1349; x_wconf 87' lang='lat'><em>.</em></span> <span class='ocrx_word' id='word_1_184' title='bbox 937 1316 1087 1357; x_wconf 82' lang='lat' dir='ltr'>Copiosae</span> <span class='ocrx_word' id='word_1_185' title='bbox 1111 1319 1264 1350; x_wconf 85' lang='lat' dir='ltr'>castitatis</span> 
     </span>
    </p>
   </div>
   <div class='ocr_carea' id='block_1_29' title="bbox 932 1364 1387 1593">
    <p class='ocr_par' dir='ltr' id='par_1_33' title="bbox 932 1364 1387 1593">
     <span class='ocr_line' id='line_1_62' title="bbox 978 1364 1321 1404; baseline 0.006 -9"><span class='ocrx_word' id='word_1_186' title='bbox 978 1364 1065 1404; x_wconf 85' lang='lat' dir='ltr'>virgo</span> <span class='ocrx_word' id='word_1_187' title='bbox 1090 1366 1184 1404; x_wconf 87' lang='lat' dir='ltr'>plena</span> <span class='ocrx_word' id='word_1_188' title='bbox 1207 1364 1321 1404; x_wconf 88' lang='lat' dir='ltr'>floruit,</span> 
     </span>
     <span class='ocr_line' id='line_1_63' title="bbox 932 1410 1387 1449; baseline 0.011 -9"><span class='ocrx_word' id='word_1_189' title='bbox 932 1410 1017 1449; x_wconf 78' lang='lat' dir='ltr'>Quae</span> <span class='ocrx_word' id='word_1_190' title='bbox 1041 1411 1214 1442; x_wconf 83' lang='lat' dir='ltr'>columbam</span> <span class='ocrx_word' id='word_1_191' title='bbox 1238 1413 1387 1445; x_wconf 88' lang='lat' dir='ltr'>laureatis</span> 
     </span>
     <span class='ocr_line' id='line_1_64' title="bbox 980 1457 1269 1501; baseline 0.003 -13"><span class='ocrx_word' id='word_1_192' title='bbox 980 1457 1125 1498; x_wconf 87' lang='lat' dir='ltr'>delegare</span> <span class='ocrx_word' id='word_1_193' title='bbox 1148 1459 1269 1501; x_wconf 80' lang='lat' dir='ltr'>meruit,</span> 
     </span>
     <span class='ocr_line' id='line_1_65' title="bbox 932 1502 1342 1540; baseline 0.01 -7"><span class='ocrx_word' id='word_1_194' title='bbox 932 1502 991 1540; x_wconf 84' lang='lat' dir='ltr'>Qui</span> <span class='ocrx_word' id='word_1_195' title='bbox 1016 1512 1126 1535; x_wconf 91' lang='lat' dir='ltr'>cruore</span> <span class='ocrx_word' id='word_1_196' title='bbox 1149 1508 1179 1536; x_wconf 91' lang='lat' dir='ltr'>et</span> <span class='ocrx_word' id='word_1_197' title='bbox 1201 1513 1342 1537; x_wconf 91' lang='lat' dir='ltr'>maerore</span> 
     </span>
     <span class='ocr_line' id='line_1_66' title="bbox 975 1549 1345 1593; baseline 0.008 -13"><span class='ocrx_word' id='word_1_198' title='bbox 975 1549 1175 1589; x_wconf 81' lang='lat' dir='ltr'>baptizantur</span> <span class='ocrx_word' id='word_1_199' title='bbox 1198 1552 1345 1593; x_wconf 81' lang='lat' dir='ltr'>propri03</span> 
     </span>
    </p>
   </div>
   <div class='ocr_carea' id='block_1_30' title="bbox 895 1595 1262 1635">
    <p class='ocr_par' dir='ltr' id='par_1_34' title="bbox 895 1595 1262 1635">
     <span class='ocr_line' id='line_1_67' title="bbox 895 1595 1262 1635; baseline 0.011 -10"><span class='ocrx_word' id='word_1_200' title='bbox 895 1618 902 1625; x_wconf 92' lang='lat'><em>.</em></span> <span class='ocrx_word' id='word_1_201' title='bbox 931 1595 1089 1635; x_wconf 85' lang='lat' dir='ltr'>Baptizati</span> <span class='ocrx_word' id='word_1_202' title='bbox 1113 1598 1181 1629; x_wconf 87' lang='lat' dir='ltr'>visa</span> <span class='ocrx_word' id='word_1_203' title='bbox 1204 1606 1262 1628; x_wconf 91' lang='lat' dir='ltr'>ave</span> 
     </span>
    </p>
   </div>
   <div class='ocr_carea' id='block_1_31' title="bbox 927 1640 1323 1728">
    <p class='ocr_par' dir='ltr' id='par_1_35' title="bbox 927 1640 1323 1728">
     <span class='ocr_line' id='line_1_68' title="bbox 927 1640 1323 1682; baseline 0.013 -11"><span class='ocrx_word' id='word_1_204' title='bbox 927 1640 1107 1682; x_wconf 85' lang='lat' dir='ltr'>Baptizanti</span> <span class='ocrx_word' id='word_1_205' title='bbox 1133 1644 1240 1674; x_wconf 88' lang='lat' dir='ltr'>dicunt</span> <span class='ocrx_word' id='word_1_206' title='bbox 1264 1653 1323 1676; x_wconf 85' lang='lat' dir='ltr'>ave</span> 
     </span>
     <span class='ocr_line' id='line_1_69' title="bbox 973 1689 1237 1728; baseline 0.011 -10"><span class='ocrx_word' id='word_1_207' title='bbox 973 1689 1075 1720; x_wconf 85' lang='lat' dir='ltr'>Invito</span> <span class='ocrx_word' id='word_1_208' title='bbox 1099 1689 1237 1728; x_wconf 85' lang='lat' dir='ltr'>Olybrio.</span> 
     </span>
    </p>
   </div>
   <div class='ocr_carea' id='block_1_32' title="bbox 893 1742 1269 1783">
    <p class='ocr_par' dir='ltr' id='par_1_36' title="bbox 893 1742 1269 1783">
     <span class='ocr_line' id='line_1_70' title="bbox 893 1742 1269 1783; baseline 0.005 -9"><span class='ocrx_word' id='word_1_209' title='bbox 893 1766 901 1774; x_wconf 82' lang='lat'><em>.</em></span> <span class='ocrx_word' id='word_1_210' title='bbox 929 1742 1023 1781; x_wconf 89' lang='lat' dir='ltr'>Virgo</span> <span class='ocrx_word' id='word_1_211' title='bbox 1048 1743 1108 1774; x_wconf 92' lang='lat' dir='ltr'>Dei</span> <span class='ocrx_word' id='word_1_212' title='bbox 1132 1744 1269 1783; x_wconf 86' lang='lat' dir='ltr'>gloriosa</span> 
     </span>
    </p>
   </div>
   <div class='ocr_carea' id='block_1_33' title="bbox 927 1788 1328 1925">
    <p class='ocr_par' dir='ltr' id='par_1_37' title="bbox 927 1788 1328 1925">
     <span class='ocr_line' id='line_1_71' title="bbox 974 1788 1298 1831; baseline 0.012 -12"><span class='ocrx_word' id='word_1_213' title='bbox 974 1788 1069 1820; x_wconf 87' lang='lat' dir='ltr'>Stetit</span> <span class='ocrx_word' id='word_1_214' title='bbox 1090 1790 1123 1820; x_wconf 90' lang='lat' dir='ltr'>in</span> <span class='ocrx_word' id='word_1_215' title='bbox 1148 1792 1298 1831; x_wconf 87' lang='lat' dir='ltr'>periculo,</span> 
     </span>
     <span class='ocr_line' id='line_1_72' title="bbox 927 1834 1263 1877; baseline 0.015 -13"><span class='ocrx_word' id='word_1_216' title='bbox 927 1834 1100 1875; x_wconf 87' lang='lat' dir='ltr'>Margarita</span> <span class='ocrx_word' id='word_1_217' title='bbox 1123 1838 1263 1877; x_wconf 85' lang='lat' dir='ltr'>pretiosa.</span> 
     </span>
     <span class='ocr_line' id='line_1_73' title="bbox 972 1882 1328 1925; baseline 0.014 -13"><span class='ocrx_word' id='word_1_218' title='bbox 972 1882 1071 1913; x_wconf 89' lang='lat' dir='ltr'>Facta</span> <span class='ocrx_word' id='word_1_219' title='bbox 1094 1884 1127 1914; x_wconf 91' lang='lat' dir='ltr'>in</span> <span class='ocrx_word' id='word_1_220' title='bbox 1151 1885 1328 1925; x_wconf 82' lang='lat' dir='ltr'>propatulo,</span> 
     </span>
    </p>
   </div>
   <div class='ocr_carea' id='block_1_34' title="bbox 886 1926 1322 1963">
    <p class='ocr_par' dir='ltr' id='par_1_38' title="bbox 886 1926 1322 1963">
     <span class='ocr_line' id='line_1_74' title="bbox 886 1926 1322 1963; baseline 0.014 -6"><span class='ocrx_word' id='word_1_221' title='bbox 886 1951 893 1958; x_wconf 92' lang='lat'>.</span> <span class='ocrx_word' id='word_1_222' title='bbox 926 1926 1047 1960; x_wconf 81' lang='lat' dir='ltr'>Sanctis</span> <span class='ocrx_word' id='word_1_223' title='bbox 1071 1934 1180 1961; x_wconf 88' lang='lat' dir='ltr'>sancta</span> <span class='ocrx_word' id='word_1_224' title='bbox 1204 1932 1322 1963; x_wconf 88' lang='lat' dir='ltr'>sociata</span> 
     </span>
    </p>
   </div>
   <div class='ocr_carea' id='block_1_35' title="bbox 971 1975 1284 2016">
    <p class='ocr_par' dir='ltr' id='par_1_39' title="bbox 971 1975 1284 2016">
     <span class='ocr_line' id='line_1_75' title="bbox 971 1975 1284 2016; baseline 0.016 -11"><span class='ocrx_word' id='word_1_225' title='bbox 971 1975 1069 2007; x_wconf 92' lang='lat' dir='ltr'>Plena</span> <span class='ocrx_word' id='word_1_226' title='bbox 1092 1975 1153 2007; x_wconf 85' lang='lat' dir='ltr'>fuit</span> <span class='ocrx_word' id='word_1_227' title='bbox 1176 1978 1284 2016; x_wconf 87' lang='lat' dir='ltr'>gloria.</span> 
     </span>
    </p>
   </div>
   <div class='ocr_carea' id='block_1_36' title="bbox 890 2029 1312 2071">
    <p class='ocr_par' dir='ltr' id='par_1_40' title="bbox 890 2029 1312 2071">
     <span class='ocr_line' id='line_1_76' title="bbox 890 2029 1312 2071; baseline 0.009 -12"><span class='ocrx_word' id='word_1_228' title='bbox 890 2053 897 2060; x_wconf 93' lang='lat'><strong><em>.</em></strong></span> <span class='ocrx_word' id='word_1_229' title='bbox 922 2029 1122 2062; x_wconf 74' lang='lat' dir='ltr'>innocentem</span> <span class='ocrx_word' id='word_1_230' title='bbox 1147 2032 1312 2071; x_wconf 87' lang='lat' dir='ltr'>deglutivit</span> 
     </span>
    </p>
   </div>
   <div class='ocr_carea' id='block_1_37' title="bbox 921 2076 1386 2212">
    <p class='ocr_par' dir='ltr' id='par_1_41' title="bbox 921 2076 1386 2212">
     <span class='ocr_line' id='line_1_77' title="bbox 969 2076 1386 2119; baseline 0.01 -12"><span class='ocrx_word' id='word_1_231' title='bbox 969 2076 1069 2108; x_wconf 78' lang='lat' dir='ltr'>Rufus</span> <span class='ocrx_word' id='word_1_232' title='bbox 1093 2086 1208 2109; x_wconf 87' lang='lat' dir='ltr'>nocens</span> <span class='ocrx_word' id='word_1_233' title='bbox 1233 2079 1386 2119; x_wconf 84' lang='lat' dir='ltr'>proditor,</span> 
     </span>
     <span class='ocr_line' id='line_1_78' title="bbox 921 2121 1333 2157; baseline 0.012 -5"><span class='ocrx_word' id='word_1_234' title='bbox 921 2121 1038 2154; x_wconf 84' lang='lat' dir='ltr'>Ventre</span> <span class='ocrx_word' id='word_1_235' title='bbox 1061 2124 1158 2155; x_wconf 89' lang='lat' dir='ltr'>scisso</span> <span class='ocrx_word' id='word_1_236' title='bbox 1185 2123 1333 2157; x_wconf 88' lang='lat' dir='ltr'>diffinivit</span> 
     </span>
     <span class='ocr_line' id='line_1_79' title="bbox 963 2169 1343 2212; baseline 0.013 -13"><span class='ocrx_word' id='word_1_237' title='bbox 963 2169 1067 2200; x_wconf 91' lang='lat' dir='ltr'>Litem</span> <span class='ocrx_word' id='word_1_238' title='bbox 1091 2170 1169 2201; x_wconf 86' lang='lat' dir='ltr'>caeli</span> <span class='ocrx_word' id='word_1_239' title='bbox 1191 2171 1343 2212; x_wconf 84' lang='lat' dir='ltr'>conditor,</span> 
     </span>
    </p>
   </div>
   <div class='ocr_carea' id='block_1_38' title="bbox 881 2213 1439 2258">
    <p class='ocr_par' dir='ltr' id='par_1_42' title="bbox 881 2213 1439 2258">
     <span class='ocr_line' id='line_1_80' title="bbox 881 2213 1439 2258; baseline 0.013 -14"><span class='ocrx_word' id='word_1_240' title='bbox 881 2236 889 2244; x_wconf 92' lang='lat'><em>.</em></span> <span class='ocrx_word' id='word_1_241' title='bbox 919 2213 1051 2247; x_wconf 89' lang='lat' dir='ltr'>Hostem</span> <span class='ocrx_word' id='word_1_242' title='bbox 1073 2217 1174 2258; x_wconf 83' lang='lat' dir='ltr'>trusit,</span> <span class='ocrx_word' id='word_1_243' title='bbox 1200 2218 1282 2249; x_wconf 86' lang='lat' dir='ltr'>hanc</span> <span class='ocrx_word' id='word_1_244' title='bbox 1306 2220 1439 2251; x_wconf 82' lang='lat' dir='ltr'>exclusit</span> 
     </span>
    </p>
   </div>
   <div class='ocr_carea' id='block_1_39' title="bbox 966 2261 1232 2302">
    <p class='ocr_par' dir='ltr' id='par_1_43' title="bbox 966 2261 1232 2302">
     <span class='ocr_line' id='line_1_81' title="bbox 966 2261 1232 2302; baseline 0.019 -11"><span class='ocrx_word' id='word_1_245' title='bbox 966 2261 1098 2293; x_wconf 87' lang='lat' dir='ltr'>Pietatis</span> <span class='ocrx_word' id='word_1_246' title='bbox 1122 2264 1232 2302; x_wconf 84' lang='lat' dir='ltr'>gratia.</span> 
     </span>
    </p>
   </div>
   <div class='ocr_carea' id='block_1_40' title="bbox 886 2315 1310 2360">
    <p class='ocr_par' dir='ltr' id='par_1_44' title="bbox 886 2315 1310 2360">
     <span class='ocr_line' id='line_1_82' title="bbox 886 2315 1310 2360; baseline 0.017 -14"><span class='ocrx_word' id='word_1_247' title='bbox 886 2340 894 2346; x_wconf 94' lang='lat'><strong>.</strong></span> <span class='ocrx_word' id='word_1_248' title='bbox 919 2315 1000 2356; x_wconf 90' lang='lat' dir='ltr'>Heu,</span> <span class='ocrx_word' id='word_1_249' title='bbox 1026 2327 1086 2356; x_wconf 90' lang='lat' dir='ltr'>quo</span> <span class='ocrx_word' id='word_1_250' title='bbox 1108 2321 1310 2360; x_wconf 85' lang='lat' dir='ltr'>progreditur</span> 
     </span>
    </p>
   </div>
   <div class='ocr_carea' id='block_1_41' title="bbox 965 2363 1209 2406">
    <p class='ocr_par' dir='ltr' id='par_1_45' title="bbox 965 2363 1209 2406">
     <span class='ocr_line' id='line_1_83' title="bbox 965 2363 1209 2406; baseline 0.016 -12"><span class='ocrx_word' id='word_1_251' title='bbox 965 2363 1209 2406; x_wconf 78' lang='lat' dir='ltr'>Praevaricatio,</span> 
     </span>
    </p>
   </div>
  </div>
 </body>
</html>
