1650 2542
308 248 352 279 Et
374 246 487 277 obnixe
510 245 634 277 videtur

356 289 469 331 virgini
495 290 662 322 deservire.

253 354 260 362 ⁶
277 373 285 381 .
307 346 515 378 Perlustravit
536 345 617 376 enim

357 392 579 422 habitationem
604 388 733 420 oratorii

311 438 390 469 Inde
412 436 517 476 figitur
540 435 688 476 laqueari,

310 483 374 515 Ubi
398 491 455 513 nec
480 482 571 512 datur
596 479 731 511 defectui

308 528 376 559 Nec
399 530 528 566 augetur

358 573 468 604 damno
491 571 638 603 incendii.

254 633 284 661 ⁴.
310 627 467 659 Mirantur
490 634 563 665 ergo

356 673 465 714 cuncti,
492 673 544 711 qui
569 671 710 710 aderant,

308 719 352 751 Et
375 719 442 757 quis
467 718 513 749 rei
538 718 628 749 detur

355 765 464 803 exitus,
491 766 673 802 exspectant

309 811 353 841 Et
377 810 478 841 subito
503 810 613 840 vident

356 857 388 887 in
414 856 569 888 creatione
593 855 721 895 virginis

314 902 468 934 Paulatim
491 902 588 933 minui

357 949 566 987 integritatem
590 948 725 980 luminis.

443 1040 647 1075 Responsoria.

282 1121 288 1127 .
317 1097 482 1135 Postquam
505 1096 602 1135 igitur

360 1143 447 1181 virgo
472 1145 593 1174 sacrata

313 1189 483 1227 Regiminis

362 1235 527 1273 expeditur
551 1234 683 1273 sarcina,

311 1281 519 1320 castigatione

360 1329 535 1357 maceratur
559 1325 742 1364 voluntaria,

317 1373 360 1405 Ut
383 1373 450 1403 sine
474 1371 649 1403 offensionis
673 1380 761 1402 mora

315 1418 368 1449 Ad
392 1421 519 1449 aeterna

362 1463 578 1503 proficiscatur
602 1462 750 1502 praemia.

276 1537 282 1543 .
313 1510 438 1541 Sciebat
463 1510 543 1540 enim
567 1518 624 1549 per
649 1508 832 1540 dominicam

361 1556 581 1588 revelationem

315 1602 480 1633 Imminere
503 1602 550 1633 sui
575 1600 714 1640 corporis

362 1649 590 1679 resolutionem.

286 1731 293 1737 .
320 1702 463 1734 Gloriosa
485 1703 572 1740 virgo

366 1748 481 1780 Christi
507 1748 672 1779 Gertrudis

317 1795 393 1826 Post
419 1794 525 1826 debita
548 1794 747 1825 humanitatis

320 1841 370 1872 Ad
395 1841 476 1880 regis
501 1849 606 1880 regum

365 1887 537 1918 accersitur
559 1887 719 1926 palatium,

320 1933 384 1965 Ubi
407 1933 446 1964 ob
471 1932 630 1972 perfectae

365 1979 490 2010 virtutis
517 1980 680 2010 decursum

321 2026 589 2057 Immarcessibilis
615 2034 745 2057 coronae

365 2072 486 2109 accepit
509 2071 660 2103 bravium.

282 2142 289 2148 .
321 2117 511 2158 Angelorum

368 2163 514 2195 comitatu
538 2164 656 2202 potitur

322 2211 427 2249 Atque
451 2218 518 2240 cum
545 2210 636 2249 digno
661 2211 799 2249 tripudio

370 2256 551 2295 paradisum
573 2255 768 2289 introfertur.

266 2314 296 2346 3.
322 2312 418 2351 Virgo
443 2314 566 2343 sacrata
589 2311 661 2342 dum
683 2313 805 2351 quaerit

371 2358 511 2399 copulari
533 2357 668 2398 Christo,

971 234 1111 274 Quodam
1134 230 1339 272 praepeditur

1019 279 1215 316 offendiculo,

974 326 1064 365 Quod
1088 328 1120 356 et
1143 324 1279 356 viriliter

1021 372 1097 404 vicit
1120 372 1153 402 in
1177 369 1320 401 Domino.

905 419 941 450 V.
975 418 1207 450 Australiorum

1021 464 1103 495 enim
1130 463 1216 494 ducis
1241 461 1323 492 filius

974 510 1113 549 Virginis
1137 507 1307 539 inardescit

1022 555 1188 587 amoribus.

1060 630 1077 661 I
1084 638 1105 659 n
1129 628 1157 659 L
1165 637 1184 659 a
1192 637 1213 658 u
1224 627 1244 658 d
1253 627 1264 657 i
1273 626 1292 657 b
1301 635 1323 657 u
1329 634 1353 656 s.

1116 691 1307 726 Antiphonae.

942 761 948 767 .
976 736 1000 767 O
1026 744 1117 775 quam
1142 734 1278 773 gloriosa
1302 742 1334 764 es
1360 733 1460 772 virgo,

979 782 1064 820 Quae
1087 781 1182 812 totius
1208 780 1330 812 decoris

1024 836 1136 867 regnas
1162 835 1231 858 cum
1254 826 1387 857 Domino

977 874 1019 906 Et
1044 874 1194 913 adoptato

1025 919 1197 961 perfrueris
1223 919 1369 957 thalamo,

980 968 1004 999 O
1029 967 1083 1005 pia
1102 966 1200 1005 virgo.

947 1048 955 1055 .
979 1022 1017 1053 In
1040 1021 1138 1052 iubilo
1164 1021 1248 1052 vocis

980 1068 1154 1107 Pangamus
1179 1066 1312 1098 Domino

1027 1114 1148 1144 cantica
1168 1113 1281 1152 laudm,

980 1160 1039 1199 Qui
1062 1162 1094 1190 te
1120 1160 1233 1191 ditavit

1025 1206 1143 1237 honore
1166 1207 1265 1243 tanto,

979 1252 1003 1283 Ο
1028 1252 1082 1290 pia
1104 1251 1202 1290 virgo.

946 1331 953 1338 .
979 1306 1141 1338 Meliorem
1167 1314 1235 1337 esse
1259 1306 1384 1337 Domini

1026 1352 1273 1383 misericordiam
1297 1360 1392 1391 super
1416 1352 1510 1391 vitas,

979 1399 1019 1430 Et
1045 1398 1129 1429 orbis
1155 1398 1269 1429 clamat
1294 1398 1471 1437 diversitas,

979 1445 1023 1477 Et
1046 1448 1100 1476 tua
1125 1447 1258 1477 testatur
1282 1445 1455 1485 beatitudo,

982 1492 1006 1523 Ο
1031 1491 1085 1531 pia
1107 1491 1206 1531 virgo.

949 1574 954 1579 .
981 1548 1175 1579 Benedicant.
1198 1555 1305 1578 omnes
1330 1547 1435 1585 angeli

982 1595 1148 1632 Sanctique
1173 1593 1298 1624 Domini
1321 1592 1467 1631 Domino,

982 1641 1131 1679 Quoniam
1156 1642 1189 1670 te
1213 1639 1373 1677 copulavit

1029 1695 1134 1717 eorum
1159 1684 1325 1724 consortio,

983 1733 1007 1764 O
1031 1732 1086 1771 pia
1109 1733 1206 1771 virgo.

950 1813 957 1819 .
985 1788 1161 1819 Laudemus
1183 1796 1295 1818 nomen
1319 1787 1445 1819 Domini

985 1835 1022 1866 In
1047 1834 1140 1865 choro
1167 1837 1198 1864 et
1222 1842 1348 1873 organo,

989 1881 1067 1919 Quia
1089 1881 1322 1919 beneplacitum

1032 1929 1080 1958 est
1104 1928 1132 1958 ei
1156 1927 1189 1958 in
1212 1930 1255 1967 te,

985 1974 1010 2006 Ο
1035 1974 1090 2013 pia
1112 1974 1209 2013 virg0.

1102 2037 1146 2064 Ad
1166 2036 1347 2064 Benedictus.

950 2106 956 2113 .
989 2081 1083 2119 Virgo
1110 2080 1233 2111 Christo
1262 2079 1415 2119 amabilis,

987 2128 1024 2158 In
1049 2126 1189 2157 omnibus
1212 2125 1393 2165 laudabilis,

990 2173 1111 2204 Pietate
1133 2170 1310 2211 ineffabilis,

988 2219 1036 2249 Tu
1060 2218 1207 2257 gaudium
1232 2218 1366 2248 omnium

986 2264 1039 2296 Ad
1063 2266 1095 2295 te
1119 2264 1171 2302 pie
1195 2264 1403 2306 clamantium,

987 2310 1113 2342 Exaudi
1137 2318 1192 2341 nos
1215 2310 1373 2350 supplices

988 2358 1027 2389 In
1050 2359 1082 2387 te
1105 2364 1229 2396 semper
1253 2360 1427 2399 sperantes
