1650 2542
679 115 836 151 —231
887 135 929 140 -

232 209 290 248 Qui
314 209 374 241 sibi
399 209 603 242 Lantbertum

279 256 456 288 transvexit
478 256 512 287 in
537 257 667 289 aethera
689 265 776 288 sanc-

555 306 630 336 tum.

296 423 341 454 In
368 424 399 456 1.
423 423 652 455 Nocturno.

376 496 568 531 Antiphonae.

204 580 211 587 .
237 553 349 586 Orbita
372 553 484 584 solaris

285 599 463 639 praesentia
487 599 603 638 gaudia
627 597 758 639 confert,

238 646 397 679 Praesulis
423 646 528 677 eximii

284 692 451 725 Lantberti
475 694 563 732 gesta
586 691 760 724 revolvens.

207 773 213 781 .
240 749 303 780 Hic
324 747 386 779 fuit
409 748 451 779 ad
473 750 597 787 tempus

286 795 425 827 Hildrici
449 794 531 833 regis
555 794 588 825 in
613 793 695 834 aula,

238 841 381 873 Dilectus
407 841 526 872 cunctis

288 892 320 920 et
344 888 429 920 vocis
453 885 570 919 famine
594 885 703 918 dulcis.

184 966 215 978 ..
238 944 302 976 Sed
329 946 412 983 post,
438 945 473 975 ut
495 941 570 974 fidei

290 991 420 1022 devotus
446 990 592 1028 dogmata
616 986 757 1028 sumpsit,

242 1037 413 1069 Doctrinae
438 1036 575 1066 cumulos

289 1084 336 1114 illi
360 1082 515 1121 sapientia
538 1081 634 1112 vexit.

305 1204 349 1234 111
375 1204 406 1234 2.
434 1201 659 1232 Nocturno.

394 1274 586 1310 Antiphonae.

211 1360 218 1366 .
244 1334 276 1365 Is
301 1332 458 1364 subiectus
483 1333 551 1362 erat

292 1378 429 1410 ferventi
452 1380 580 1417 pectore
605 1376 740 1416 Christo,

244 1425 387 1457 Moribus
413 1424 534 1455 eximiis

294 1474 326 1502 et
348 1472 432 1503 vitae
457 1471 559 1502 clarus
583 1470 617 1500 in
641 1469 729 1500 actis.

214 1555 221 1562 .
246 1528 367 1567 Dignus
396 1527 514 1558 honore
536 1534 625 1557 sacro

294 1574 446 1612 doctrina,
471 1573 597 1608 lumine,
624 1571 729 1613 verbo,

248 1620 391 1653 Iustitiae
420 1620 561 1658 cupidus,

295 1669 381 1699 recto
405 1676 466 1698 non
493 1666 601 1698 devius
624 1665 690 1696 ulli.

215 1751 222 1758 .
248 1724 355 1756 Fortis
377 1723 411 1754 in
435 1722 587 1761 adversis,

294 1770 418 1801 humilis
442 1778 500 1809 per
523 1777 675 1808 prospera
695 1767 792 1809 pacis,

250 1818 319 1849 Nec
342 1819 464 1847 terrore
486 1816 548 1847 teri

295 1863 398 1903 potuit
421 1871 478 1894 nec
502 1870 630 1893 munere
652 1860 764 1901 frangi.

313 1987 358 2018 In
384 1987 415 2018 3.
441 1984 667 2016 Nocturno.

395 2059 587 2094 Antiphonae.

198 2121 213 2152 1
221 2143 229 2151 .
256 2119 414 2152 Sollicitus
438 2116 540 2157 plebis

299 2166 418 2205 patrias
442 2163 591 2195 lustravit
613 2165 645 2194 et
668 2161 761 2193 urbes

255 2211 475 2244 Confirmando
499 2209 595 2242 fidem

300 2259 383 2290 trino
409 2257 448 2288 de
470 2256 595 2288 nomine
619 2258 737 2294 natam,

256 2305 302 2338 Ut
325 2304 423 2344 patris
445 2312 483 2335 ac
506 2303 573 2334 nati

303 2354 411 2384 sancto
437 2358 505 2381 cum
529 2348 654 2380 flamine
677 2355 792 2380 numen

901 209 981 241 Esse
1004 207 1105 239 Deum
1130 205 1239 237 credat

948 255 1021 294 iam,
1035 252 1173 293 quisquis
1181 250 1333 283 amaverit
1339 257 1443 281 unum.

847 322 878 354 2.
903 319 965 351 Hie
990 316 1171 349 indeficiens

949 364 1076 397 Domini
1099 363 1155 395 sub
1179 363 1248 402 lege
1271 360 1425 399 manebat,

906 412 999 445 Cuius
1022 411 1110 442 nulla
1133 417 1238 440 means

951 458 1079 490 suberat
1103 456 1244 495 cognatio
1272 454 1367 486 carni.

850 525 880 556 3.
907 523 1028 556 Ultima
1052 529 1183 560 namque
1208 520 1274 551 dies

952 568 1075 600 astabat
1093 575 1215 606 semper
1239 566 1346 597 ocellis

908 616 1007 654 Illius,
1032 614 1116 645 unde
1139 613 1253 644 bonum

956 660 1032 692 fecit
1057 659 1225 692 certamine
1247 667 1379 690 cursum.

1031 751 1264 787 Responsorium.

880 835 887 841 .
912 810 1064 849 Egregius
1088 807 1214 847 praesul

958 855 1072 887 fratres
1097 853 1258 885 benedixit
1282 855 1313 883 et
1336 850 1421 883 infit:

913 904 937 934 O
962 902 1046 933 Deus
1071 901 1276 939 omnipotens,

960 947 1107 979 caelestia
1129 946 1246 977 lumine
1272 944 1439 984 complens,

912 994 988 1033 Hos,
1014 1001 1159 1032 exposco,
1185 996 1254 1024 tuos

959 1039 1092 1070 benedic
1115 1047 1173 1077 per
1196 1037 1321 1068 saecula
1336 1044 1453 1074 servos,

877 1114 883 1120 .
913 1086 1046 1125 Protege
1070 1085 1108 1116 ab
1133 1084 1266 1122 insitum,

961 1140 1051 1163 serva
1075 1130 1243 1163 virtutibus
1268 1129 1367 1161 almis.

1008 1252 1053 1283 In
1077 1250 1301 1282 Laudibus

1051 1332 1246 1367 Antiphonae.

881 1427 888 1433 .
915 1400 1053 1440 Contigit
1077 1408 1150 1438 ergo
1176 1400 1277 1429 virum

961 1446 1088 1478 caelesti
1111 1453 1240 1476 munere
1266 1444 1392 1484 dignum

918 1494 999 1527 Urbi
1020 1493 1139 1525 vicinas

966 1543 1056 1571 extra
1079 1538 1226 1570 secedere
1250 1538 1367 1576 partes,

918 1587 1014 1619 Venit
1037 1588 1068 1617 et
1092 1585 1133 1617 ad
1158 1584 1264 1616 villam

966 1641 1045 1673 quae
1060 1632 1182 1671 Ledgia
1205 1631 1330 1662 nomine
1352 1628 1463 1660 fertur.

891 1726 898 1733 .
924 1698 1012 1738 Quod
1039 1706 1109 1728 cum
1131 1696 1309 1736 perscirent

966 1745 1057 1785 pravi
1082 1743 1224 1775 Dodonis
1250 1741 1352 1780 amici,

922 1791 1132 1831 Complicibus
1156 1789 1270 1821 iunctis

966 1840 1103 1878 pergunt
1125 1837 1166 1869 ad
1190 1835 1302 1867 funera
1324 1834 1435 1874 patris.

890 1933 897 1940 .
920 1905 1015 1944 Ecce,
1040 1903 1286 1942 propinquantes

968 1950 1175 1991 praecingunt
1197 1951 1282 1979 tecta
1308 1948 1468 1980 domorum

922 1999 967 2031 Et
990 2002 1065 2030 tunc
1088 1995 1254 2028 Lantberti

972 2045 1122 2084 quassant
1144 2041 1326 2074 habitacula
1350 2040 1462 2079 sancti,

926 2092 1029 2131 Supra
1054 2089 1249 2129 conspiciunt

974 2138 1074 2170 crucis
1098 2135 1285 2169 admirabile
1308 2135 1439 2175 signum.

869 2207 902 2239 4.
926 2204 1016 2236 Unus
1040 2212 1079 2234 ex
1101 2203 1166 2233 illis

974 2250 1127 2281 scandens
1145 2256 1240 2287 super
1255 2246 1354 2278 ardua
1368 2245 1476 2285 cellae,

928 2297 1022 2328 Hunc
1045 2297 1108 2327 telo
1132 2294 1231 2335 figens

977 2343 1066 2375 auxit
1089 2342 1150 2373 sibi
1171 2341 1302 2373 vulnera
1327 2338 1448 2378 culpae.
