1650 2542
698 106 924 140 —33-

311 199 369 230 Ad
394 199 656 232 Matutinum.

382 271 592 299 Invitatorium.

246 327 422 358 Adoremus
450 329 663 361 collaudantes

294 373 461 414 Christum,
484 374 544 405 Dei
568 374 676 416 filium,

246 420 339 452 Cuius
364 419 429 452 fide
454 421 540 461 virgo
565 422 662 454 Fides
711 450 714 453 .

292 466 383 498 huius
408 467 492 498 vitae
516 468 651 499 stadium

246 513 464 545 Per-currendo
490 515 726 553 comprehendit

291 559 467 591 immortale
487 560 639 593 bravium.

305 670 349 702 In
375 670 404 702 1.
431 670 662 705 Nocturno.

383 744 574 780 Antiphonae.

186 800 216 832 1.
243 799 339 838 Virgo
365 801 471 834 Fides,
498 802 656 841 generosis

289 846 377 877 edita
397 847 588 886 parentibus,

241 890 408 922 Generosis
433 893 504 930 plus
530 892 651 923 effulsit

287 940 368 979 actu,
395 938 501 976 verbo,
527 938 675 972 moribus,

182 1002 212 1032 2.
239 1001 326 1032 Haec
349 1001 504 1033 instructa
530 1003 722 1035 documentis

286 1046 361 1078 fidei
387 1049 558 1080 catholicae

239 1093 416 1125 Custodivit
439 1095 505 1126 vias
532 1096 625 1126 duras

284 1140 361 1178 legis
388 1142 595 1180 evangelicae.

180 1206 212 1237 3.
237 1204 307 1235 Non
331 1207 377 1235 est
403 1205 468 1236 eius
494 1214 547 1236 eor
572 1206 685 1238 elatum

283 1251 382 1282 titulis
407 1252 567 1293 natalium,

235 1296 302 1328 Neo
326 1298 457 1328 adtrivit
482 1299 576 1330 decor
600 1297 719 1330 formae

284 1344 436 1376 castitatis
461 1344 570 1378 lilium.

177 1410 208 1441 4.
236 1408 358 1448 Quippe
382 1409 469 1440 vultu
494 1410 645 1450 speciosa,

282 1463 413 1494 corpore
436 1456 601 1489 iuvencula

231 1501 340 1533 Mente
364 1503 493 1542 sprevit,
519 1505 591 1534 actu
616 1502 693 1542 fugit

281 1549 461 1588 nuptiarum
486 1549 620 1584 vincula.

176 1615 205 1646 5.
233 1613 344 1645 Vultus
371 1614 434 1645 eius
462 1617 493 1645 et
516 1615 655 1647 incessus

276 1660 462 1692 nuntiabant
487 1660 615 1702 deforis,

228 1706 301 1745 Quis
326 1706 453 1739 affectus
477 1709 654 1748 possideret

277 1752 418 1785 officinas
443 1756 589 1794 pectoris.

172 1820 202 1852 6.
230 1819 282 1851 Sic
305 1819 338 1850 in
364 1828 400 1852 ea
426 1824 608 1853 coruscante

272 1865 354 1897 bono
377 1867 548 1905 pudicitiae

227 1912 427 1945 Adridebant
451 1914 478 1945 ei
503 1915 596 1947 simul

273 1963 305 1991 et
327 1960 460 1991 virtutes
485 1962 574 1995 aliae.

359 2043 562 2079 Responsoria.

168 2101 198 2133 1.
222 2099 272 2131 Ex
296 2099 428 2130 rubente
451 2110 524 2133 rosa
547 2102 639 2134 simul

272 2148 303 2176 et
325 2146 478 2178 candente
501 2148 567 2180 lilio

224 2192 320 2231 Virgo
344 2191 441 2224 Fides
467 2197 615 2227 coronata

271 2238 350 2269 vivit,
374 2246 412 2269 ex
436 2241 588 2279 martyrio

155 2286 193 2320 V.
226 2285 314 2317 Inter
340 2284 449 2315 choros
475 2287 652 2326 angelorum

269 2330 424 2370 geminato
449 2333 598 2371 praemio.

197 2391 324 2414 Dreves,
339 2388 459 2411 Historiae
473 2390 625 2417 rhythmicae.
654 2391 693 2413 VI.

861 203 892 233 2.
918 201 1012 240 Virgo
1034 201 1133 239 stirpe
1157 209 1358 240 supergressa

963 247 1079 287 primos
1106 247 1335 286 Agennensium

919 293 1090 324 Sanctitate
1114 293 1283 325 cumulavit

963 340 1092 378 gloriam
1115 339 1274 378 natalium,

877 412 884 418 .
914 387 1011 418 Pacta
1034 394 1138 416 secum
1163 386 1320 417 custodire

963 432 1089 463 semitas
1113 431 1261 464 fidelium.

884 522 891 530 .
917 497 975 529 His
1000 497 1118 528 enitens
1143 496 1185 528 ad
1208 504 1385 535 supremum

965 544 1085 574 culmen
1109 543 1330 574 sanctimoniae

915 589 1137 621 Holocaustum
1161 588 1238 620 fecit
1260 588 1338 628 Deo,

960 638 1066 667 votum
1092 635 1310 674 continentiae,

875 707 880 713 .
911 682 993 713 Rata
1018 681 1134 712 crimen
1158 681 1320 712 attrectari

958 727 1067 759 florem
1090 727 1270 767 pudicitiae.

878 821 884 826 .
911 793 1067 825 Dacianus
1091 793 1299 832 introgressus

955 839 1064 870 urbem
1089 839 1320 878 Agennensium

910 885 1027 917 Christi
1052 893 1158 915 servos
1184 887 1214 915 et
1238 885 1369 915 ancillas

954 930 1052 961 trahit
1076 930 1117 961 ad
1141 930 1328 968 supplicium

869 1003 875 1009 .
906 976 1073 1008 Immolare
1097 978 1328 1007 contemnentes

955 1022 1019 1053 eius
1045 1022 1085 1053 ad
1109 1022 1285 1060 imperium.

966 1133 1011 1165 In
1036 1134 1067 1164 2.
1093 1132 1321 1164 Noeturno.

1045 1205 1237 1240 Antiphonae.

869 1289 876 1295 .
902 1263 1014 1294 Pectus
1039 1262 1129 1293 Fidis
1153 1262 1261 1292 hortus
1288 1261 1407 1293 Christi

949 1311 1060 1340 vernat
1082 1316 1202 1339 morum
1227 1305 1354 1338 floribus

900 1356 944 1387 Et
965 1355 1006 1386 ad
1031 1353 1138 1385 flatum
1163 1354 1242 1384 lenis
1268 1353 1367 1384 austri

946 1400 1016 1433 fluit
1040 1400 1240 1432 aromatibus.

867 1492 874 1500 .
901 1467 969 1499 Hoc
992 1467 1025 1497 in
1051 1466 1130 1497 votis
1157 1465 1222 1496 eius
1248 1467 1325 1504 erat,

947 1514 1008 1545 hoc
1033 1513 1067 1544 in
1093 1511 1259 1550 desiderio,

901 1560 943 1593 Ut
968 1567 1137 1599 perennem
1164 1560 1361 1597 compararet

945 1607 1075 1647 glorian]
1100 1605 1261 1645 martyrio.

866 1701 872 1707 .
898 1672 1097 1705 Aestimabat
1121 1671 1204 1702 enim
1228 1669 1353 1702 Christo

944 1722 1064 1760 gratam
1088 1727 1199 1758 parum
1224 1717 1385 1759 virginem,

898 1767 967 1799 Nisi
993 1767 1079 1806 virgo
1105 1767 1235 1805 propter
1260 1763 1418 1796 Christum

944 1812 1151 1851 funderetque
1174 1811 1363 1851 sanguinem.

865 1908 871 1913 .
898 1880 998 1912 Audit
1022 1879 1107 1910 Deus
1133 1879 1165 1907 et
1189 1876 1317 1907 exaudit

950 1929 1024 1957 vota
1047 1926 1174 1956 sanctae
1199 1921 1342 1964 feminae,

900 1971 1134 2006 Clarificaturus
1161 1978 1229 2000 eam

940 2019 1083 2059 proximo
1111 2015 1289 2049 certamine.

864 2113 870 2120 .
897 2087 1002 2118 Intrat
1026 2083 1134 2115 urbem
1159 2081 1328 2119 Dasianus,

942 2131 1021 2163 furit
1045 2132 1135 2161 atrox
1159 2127 1273 2168 bestia,

896 2178 1038 2218 Spondet
1059 2184 1168 2207 necem
1193 2172 1390 2212 Christianis,

940 2225 1064 2256 intonat
1088 2220 1253 2260 supplicia.

864 2316 870 2322 .
895 2289 1059 2321 Accersita
1082 2286 1217 2326 primum
1242 2283 1338 2313 Fides

942 2335 983 2366 ad
1007 2337 1173 2373 tyrannum
1200 2329 1333 2364 ducitur,

1252 2397 1270 2426 3
