1650 2542
698 87 946 122 —151—

395 179 585 215 Responsoria

199 237 229 269 1.
255 236 409 275 Mysterio
431 237 577 276 mirabili,

257 283 322 322 Quo
348 286 516 322 conceptus
538 285 639 316 sterili

306 329 443 362 Caelitus
470 330 613 372 donatur,

257 375 308 407 Ex
333 376 521 415 grandaevis
546 377 732 415 nascituruS‚

257 422 396 460 Quantae
420 431 500 462 puer
524 423 566 453 sit
589 421 711 453 futurus

306 468 446 509 Gratiae,
471 471 673 509 monstratur,

186 514 224 547 V.
255 515 349 547 Cuius
374 515 415 546 ad
439 515 589 546 indicium

303 561 419 592 Editus
445 561 484 593 ab
508 561 618 601 angelo

258 607 379 639 Nomen
406 610 438 639 et
461 606 609 639 officium.

201 664 232 695 2.
260 663 377 695 Salutis
401 671 575 703 puerperae

258 710 430 742 Salutantis
455 710 590 741 reddere

306 755 450 787 Gestiens
475 755 609 798 adfatus,

258 802 409 834 Exsultat
432 803 466 833 in
489 805 578 833 utero

258 849 307 879 Ac
331 849 454 880 adludit
473 857 571 888 puero

307 896 389 927 Puer
413 895 585 933 salutatus;

189 940 225 972 V.
257 941 395 980 Virginis
419 941 452 971 in
476 941 593 980 gremio

304 987 411 1019 Sciens
433 995 503 1019 esse
527 985 640 1026 Deum,

259 1032 347 1071 Quod
371 1034 479 1072 nequit
504 1032 635 1075 eloquio,

305 1079 403 1111 Gestu
427 1079 536 1118 prodit
559 1087 638 1111 eum.

200 1137 229 1167 3.
255 1135 411 1166 Iohannes
437 1136 510 1166 dum
534 1134 682 1172 nascitur,

257 1181 378 1213 Mundo
403 1190 502 1213 novus
526 1180 625 1211 oritur

304 1226 434 1259 Lucifer
458 1227 529 1268 diei,

256 1274 456 1306 Lucescentis
480 1272 616 1310 nuntius,

257 1320 335 1351 Viae
359 1319 461 1352 factor
485 1319 631 1358 praevius

304 1366 348 1398 Et
371 1374 558 1407 praecursor
581 1365 651 1402 Dei,

190 1412 225 1445 V.
254 1412 336 1444 Fide
359 1416 484 1452 patrum
507 1411 649 1443 imbuens

306 1459 409 1491 Corda
433 1459 566 1490 filiorum

259 1506 405 1538 Ostendit
428 1505 599 1537 incredulis

306 1553 438 1585 Semitas
462 1553 624 1583 iustorum.

200 1610 231 1641 4.
258 1608 328 1640 Vox
353 1608 516 1640 clamantis
539 1608 573 1638 in
599 1607 722 1638 deserto

256 1655 338 1687 Dum
363 1655 516 1687 Iohannes
540 1655 571 1685 in
597 1657 706 1693 aperto

302 1702 439 1734 Herodis
461 1701 614 1732 incestum

255 1749 425 1789 Arguendo
451 1747 570 1780 frustra
593 1747 708 1786 studet,

255 1796 425 1827 Induratur
448 1798 480 1826 et
502 1803 565 1826 non
584 1794 683 1833 pudet

303 1842 437 1873 Sceleris
462 1841 645 1882 scelestum3

186 1889 223 1920 V.
254 1889 407 1920 Innocens
431 1888 465 1919 in
491 1896 617 1919 carcere

302 1936 432 1969 Clausus
457 1935 624 1976 adligatur,

256 1982 311 2015 Cui
341 1982 430 2014 furor
452 1982 616 2014 adulterae

299 2030 437 2062 Mortem
460 2029 667 2061 machinatur.

315 2124 359 2155 In
384 2126 415 2157 2.
441 2124 665 2155 Nocturno.

391 2198 583 2234 Antiphonae.

196 2256 225 2289 1.
251 2256 320 2288 Rex
343 2256 457 2287 natalis
481 2256 529 2287 sui
554 2264 661 2290 cenam

298 2303 412 2335 Primis
436 2305 467 2334 et
489 2302 658 2335 maioribus

925 182 1069 222 Magnam
1096 179 1172 212 fecit
1196 183 1227 211 et
1251 188 1411 212 amoenam

974 228 1134 260 Galilaeae
1157 226 1297 258 ducibus.

896 311 902 317 .
927 284 1005 323 Apti
1031 283 1113 314 diem
1137 283 1287 321 temporiS

974 330 1092 362 Videns
1117 328 1273 360 Herodias

926 376 1081 415 Impudici
1105 375 1241 414 pectoris

976 422 1117 454 Intendit
1137 421 1284 460 argutias.

896 505 903 511 .
929 478 1121 509 Exsecratur
1145 476 1342 507 sanctitatem

976 523 1136 562 Absorpta
1166 522 1287 554 deliciis

929 570 973 601 Et
995 568 1128 601 infamat
1151 569 1326 599 castitatem

974 616 1139 648 Delectata
1162 614 1256 647 vitiis.

896 699 904 706 ,
929 671 1054 702 Testem
1079 671 1163 703 vitae
1188 670 1353 709 detestata,

974 718 1143 749 Iohannem
1166 717 1199 748 in
1225 724 1350 746 carcere

927 764 1012 795 Face
1036 764 1144 794 mortis
1168 761 1358 794 inflammata

975 810 1045 841 Non
1069 810 1159 840 timet
1181 809 1333 840 occidere.

894 890 902 896 .
928 866 1090 897 Postulata
1112 864 1187 895 iusti
1211 872 1288 895 nece

973 912 1089 942 Insana
1112 911 1256 949 laetatur,

923 957 1052 996 Quando
1078 959 1171 995 caput
1194 964 1252 994 pro
1276 955 1422 986 mercede

971 1003 1073 1034 Filiae
1103 1003 1244 1033 donatur.

892 1083 900 1091 .
928 1057 1020 1090 Cuius
1045 1066 1117 1089 mox
1143 1056 1289 1095 discipuli

974 1104 1093 1143 Corpus
1118 1105 1318 1142 asportarunt

926 1150 970 1181 Et
998 1151 1114 1181 honore
1138 1149 1248 1180 tumuli

972 1197 1090 1227 Terrae
1114 1194 1378 1227 commendarunt·

1065 1287 1269 1322 Responsoria.

893 1380 899 1387 .
925 1355 994 1386 Rex
1014 1351 1165 1393 profanus
1187 1353 1259 1384 dum
1281 1352 1469 1384 servandum

926 1401 1032 1433 Morte
1055 1399 1129 1430 iusti
1153 1398 1368 1430 iusiurandum

971 1448 1076 1484 Putat,
1101 1446 1191 1485 peius
1214 1445 1346 1484 peierat,

923 1494 1052 1533 Quando
1077 1500 1201 1523 sacrum
1225 1493 1418 1522 sacramento

926 1541 1050 1572 Necans
1077 1539 1158 1570 dono
1182 1541 1246 1569 tam
1272 1540 1399 1569 cruento

976 1586 1148 1619 Saltantem
1172 1586 1361 1617 remunerat.

873 1634 893 1666 ⁷.
924 1635 976 1666 Ius
999 1631 1123 1671 irridet,
1150 1630 1198 1662 fas
1222 1640 1284 1662 non
1309 1630 1407 1670 videt⁷

972 1678 1120 1712 Nefanda
1144 1677 1263 1717 religio,

926 1728 1007 1759 Dum
1023 1734 1081 1765 per
1096 1725 1197 1756 iocum
1214 1727 1355 1763 praestat
1364 1725 1466 1756 locum

967 1774 1078 1806 Iurans
1103 1771 1282 1805 homicidio,

891 1856 897 1863 .
923 1830 1008 1862 Mira
1034 1830 1226 1870 dispensatio

971 1877 1120 1908 Feminae
1143 1876 1324 1915 ludibrium,

969 1923 1145 1956 Saltatricis
1170 1922 1343 1962 praemium

1013 1971 1069 2002 Fit
1091 1970 1230 2009 baptista
1253 1969 1322 2010 Dei,

923 2017 1123 2057 obstupescit
1150 2017 1242 2056 ratio,

969 2064 1164 2104 Disciplinae
1187 2063 1347 2103 speculum

970 2112 1057 2143 Fieri
1079 2110 1292 2150 spectaculum

1018 2158 1134 2190 Ebriae
1159 2157 1231 2196 diei,

855 2206 891 2238 V.
926 2205 1061 2238 Castitas
1085 2204 1283 2244 opprimitur,

969 2252 1159 2285 Profanatur
1183 2250 1334 2282 sanctitas

1015 2299 1141 2332 Veritas
1171 2298 1346 2329 damnatur.
