1650 2542
673 111 902 147 -39-„

218 211 264 243 Ut
291 211 414 242 relaxet
435 209 527 248 mala,

265 265 344 297 quae
367 255 584 294 commisimus,

217 305 266 336 Ac
299 304 394 335 donet
416 302 515 343 bona,

264 358 343 389 quae
366 357 537 389 speramus,

220 396 293 428 Sola
316 396 433 435 pietate
451 397 595 435 paterna,

220 444 287 481 Qua
310 441 495 473 mortalibus

264 489 398 528 largitur
422 490 557 519 aeterna.

181 562 187 568 .
219 535 299 573 Quid
325 535 407 565 enim
426 542 558 570 oremuS,

267 582 349 612 sicut
372 582 505 620 oportet,
531 578 693 612 nescimus.

221 628 284 659 Sed
308 628 377 667 ipse
401 626 530 665 spiritus

267 674 404 713 postulet
428 681 486 712 pro
510 671 607 703 nobis.

316 813 359 843 In
386 810 609 842 Laudibus,

366 893 552 927 Antiphonae⁴

189 978 194 984 .
224 950 356 982 Sanctus
377 950 410 980 in
433 947 547 979 flumen
572 948 643 979 dum
668 948 764 978 iaeta-

541 997 601 1034 tur,

224 1043 452 1081 Praecipitator
478 1043 670 1078 excaecatur,

223 1091 319 1121 Artus
343 1089 375 1119 in
399 1090 490 1127 petra
511 1089 629 1126 ponunt
646 1086 765 1117 nobiles

222 1136 384 1167 Elationes
412 1133 524 1165 fluctus
548 1132 717 1164 mirabiles

191 1228 197 1234 .
223 1199 393 1233 Iubilemus
418 1198 577 1229 dulcisone

221 1246 303 1283 Tibi,
330 1245 454 1278 Christe
477 1244 559 1283 Iesu,

268 1292 447 1330 redemptor
471 1290 560 1329 bone,

223 1339 315 1371 Cuius
339 1340 446 1377 portas
469 1337 503 1367 in
526 1334 720 1367 confessione

222 1384 355 1417 Intravit
377 1385 497 1422 martyr

272 1440 338 1462 cum
368 1429 582 1461 exsultatione.

167 1518 198 1529 ..
224 1497 356 1528 Alarum
378 1495 411 1525 in
436 1494 610 1527 velamento

224 1542 326 1574 Multo
351 1540 481 1580 fatigata
504 1542 667 1581 tormento,

224 1589 396 1620 Exsultans
423 1595 494 1618 caro
519 1586 686 1625 requiescit

225 1635 293 1667 Nec
313 1643 431 1674 poenas
454 1634 537 1664 ultro
562 1633 712 1672 pavescit.

195 1728 201 1735 .
226 1699 392 1732 Benedicit
416 1699 483 1730 Deo
508 1699 578 1730 vivo

225 1748 334 1784 Terra,
362 1746 432 1777 dum
458 1745 530 1776 novi
554 1743 649 1776 fontis
675 1745 740 1776 rivo

224 1793 325 1825 Fovet
348 1792 495 1823 animalia

227 1840 374 1871 Sanctum
400 1838 553 1870 ducentia.

195 1932 201 1939 .
226 1905 429 1937 Exsultemus
453 1904 485 1935 in
505 1911 586 1943 rege,

229 1952 287 1991 (gui
311 1951 439 1991 pietatis
463 1951 532 1989 lege

228 1999 375 2038 Optatam
401 1998 456 2029 <lat

276 2046 407 2077 salutem
432 2044 548 2084 populo

229 2092 507 2133 Adpropinquanti

275 2139 422 2178 martyris
447 2138 495 2170 sui
519 2137 647 2169 tumulo.

345 2230 391 2258 Ad
411 2230 590 2258 Benedictus.

193 2326 199 2332 .
230 2299 313 2331 Dum
338 2300 484 2329 aeternae
509 2297 571 2328 diei

278 2354 393 2377 aurora
414 2344 563 2382 illuxerit,

886 206 969 238 Dum
992 203 1068 235 tuba

933 251 1101 283 novissima
1125 248 1272 287 sonuerit,

889 298 1055 330 Praeclare
1077 298 1198 334 martyr
1221 293 1380 334 Floriano,

887 345 952 376 Nos
978 343 1114 384 digneris
1139 342 1297 379 adiuvare,

889 390 934 422 Ut
956 390 1057 430 gratia

935 437 1009 468 solis
1032 435 1169 466 iustitiae

891 483 1072 514 Sanctorum
1097 479 1293 520 perfruamur

936 529 1112 568 splendore.

1008 658 1085 689 Per
1107 656 1252 688 Horas,

1028 748 1072 775 Ad
1093 748 1228 775 Primam.

822 817 851 848 A
893 815 1024 846 Sanctus
1048 814 1224 852 FlorianuS,

892 862 1044 900 Egregius
1070 864 1190 899 martyr
1216 857 1342 897 Christi,

892 908 975 938 Data
1000 915 1093 945 super
1115 914 1149 936 se

938 953 1093 984 sententia
1116 952 1225 982 mortis

893 999 1039 1030 Gaudcns
1065 1000 1096 1028 et
1120 999 1277 1029 exsultans

937 1045 1004 1076 ibat
1025 1044 1065 1075 ad
1089 1047 1230 1082 mortem.

894 1092 973 1130 Quia
1001 1092 1041 1122 ad
1067 1091 1162 1122 vitam
1189 1089 1325 1120 credidit

937 1137 1102 1177 pervenire
1126 1139 1294 1168 aeternam.

1028 1237 1072 1264 Ad
1091 1238 1226 1265 Tertiam.

821 1306 860 1336 A.
892 1304 1023 1336 Sanctus
1048 1304 1096 1334 vir
1119 1303 1295 1345 Florianus,

892 1351 1015 1389 Martyr
1038 1350 1174 1390 Domini,

893 1398 951 1435 (Qui
976 1406 1033 1436 pro
1059 1404 1164 1427 amore
1189 1395 1305 1427 Christi

893 1443 1078 1483 Sanguinem
1104 1451 1192 1473 suum
1216 1440 1308 1480 fudit,

893 1490 1008 1521 Beatus
1037 1489 1126 1520 miles
1152 1488 1269 1520 Christi

894 1536 1017 1568 Gaudet
1041 1536 1072 1567 in
1099 1534 1293 1567 caelestibus

1037 1637 1082 1664 Ad
1102 1636 1227 1664 Sextam.

825 1707 864 1739 A.
895 1705 1012 1744 Aquila
1035 1704 1121 1735 venit

940 1752 1026 1782 iussu
1055 1750 1169 1787 divino,

896 1799 982 1837 Quae
1005 1797 1144 1837 protexit
1168 1804 1279 1835 corpus

943 1845 1045 1876 sancti
1067 1843 1219 1882 Floriani,

897 1892 968 1923 Non
993 1891 1079 1923 venit
1102 1890 1142 1921 ad
1170 1889 1393 1928 devorandum,

896 1938 959 1970 Sed
984 1938 1069 1970 venit
1093 1938 1134 1969 ad
1159 1937 1418 1969 conservandum.

1028 2039 1073 2066 Ad
1094 2039 1216 2067 Nonam.

831 2107 869 2139 A.
900 2106 1058 2146 Floriane,
1084 2106 1144 2137 Dei
1169 2105 1268 2143 miles,

944 2153 1056 2185 Mundi
1082 2153 1208 2184 vincens
1232 2152 1341 2191 aciem,

901 2200 988 2232 Pelle
1012 2200 1171 2231 machinas
1197 2199 1337 2236 hostiles,

949 2247 1067 2286 Culpae
1094 2246 1181 2278 solve
1204 2246 1334 2286 glaciem

903 2294 947 2325 Et
969 2302 1027 2333 per
1051 2297 1138 2326 actus
1164 2302 1220 2324 nos
1243 2293 1359 2323 heriles

950 2340 1021 2372 Duc
1044 2342 1084 2372 ad
1111 2340 1228 2373 Christi
1257 2339 1366 2371 faciem
