1650 2542
200 488 229 521 1.

195 693 213 723 [Ο

711 152 751 157 -
801 134 962 169 243-

257 223 315 262 Qui
338 232 396 261 per
419 227 560 256 sanctum
582 226 801 259 Leonhardum

258 269 371 302 Vincla
394 270 489 302 solvit
511 271 679 305 hominum.

318 364 364 396 In
390 364 421 396 1.
443 363 670 400 NocturnO.

391 437 584 470 Antiphonae.

255 488 388 520 Sanctus
412 498 492 528 puer
515 489 730 531 Leonhardus,

299 534 354 566 lux
378 536 473 566 totius
499 535 630 577 Galliae,

252 581 303 612 Ex
329 579 506 626 [nobilium]
533 584 698 622 praeclara

298 630 390 659 natus
415 631 463 660 est
486 630 643 669 progenie.

218 717 225 724 .
251 692 435 732 Baptizatus
459 704 538 734 puer
561 699 685 728 sanctus

297 739 388 772 beato
412 741 563 785 Remigio,

249 786 434 818 Adhaerere
458 788 667 820 contendebat

294 832 359 872 iugi
383 833 566 866 ministerio.

216 921 223 928 .
250 898 423 936 Postquam
447 898 549 930 factus
573 900 753 933 adolescens

295 944 394 975 evasit
416 944 589 985 infantiam,

247 989 462 1028 Frequentare
486 992 689 1031 temporalem

290 1037 391 1068 noluit
412 1037 565 1069 militiam.

381 1110 585 1145 Responsoria.

209 1189 216 1196 .
242 1166 358 1197 Beatus
383 1167 432 1197 vir
455 1166 670 1208 Leonhardus,

242 1211 336 1243 Clara
360 1212 459 1250 stirpe
482 1215 647 1251 generatus

241 1259 271 1289 A
294 1258 409 1296 puerili
433 1260 535 1289 aetate

239 1304 391 1335 Excrevit
413 1304 445 1335 in
469 1305 644 1345 sanctitate,

239 1350 409 1389 Susceptus
436 1351 475 1382 de
498 1359 587 1382 sacro
612 1350 700 1384 fonte

239 1397 269 1427 A
293 1396 386 1428 beato
409 1397 561 1436 Remigio.

241 1462 360 1493 Videns
385 1464 510 1493 sanctus
533 1462 739 1495 Leonhardus

288 1508 427 1547 captivos
451 1509 483 1539 in
510 1517 644 1550 carcere,

239 1554 305 1586 Hos
330 1564 387 1594 per
411 1563 515 1595 regem
541 1555 747 1589 clodovaeum

285 1610 348 1633 non
372 1602 480 1633 tardat
504 1610 622 1643 eruere,

239 1649 367 1680 Intuens
391 1648 512 1680 vinctos
536 1649 569 1680 in
594 1650 673 1681 urbe

284 1703 409 1733 pressos
433 1693 510 1726 ferri
538 1696 688 1735 pondere.

205 1784 212 1791 .
238 1758 361 1792 Infirmi
383 1761 593 1799 percipientes

286 1806 387 1837 sancti
410 1806 471 1837 viri
495 1808 702 1848 sanctitatem,

235 1852 289 1884 Ad
313 1852 396 1885 hunc
418 1853 509 1883 multi
534 1853 732 1888 confluebant

283 1901 475 1930 resumentes
500 1899 674 1941 sanitatem,

234 1946 272 1978 In
297 1945 361 1978 suis
386 1945 569 1985 corporibus

284 1992 435 2026 habentes
463 1992 665 2025 debilitatem.

298 2087 346 2119 In
372 2088 402 2118 2.
430 2086 657 2118 Nocturno.

377 2161 570 2196 Antiphonae.

202 2238 210 2246 .
236 2214 283 2246 Ut
307 2213 469 2244 crescebat
492 2214 526 2244 in
551 2215 664 2253 aetate,

282 2260 328 2291 sic
351 2260 384 2291 in
408 2261 572 2300 sapientia,

234 2307 387 2347 Quoniam
411 2307 540 2346 spiritus
565 2307 665 2339 sancti

279 2354 391 2394 plenus
415 2356 484 2385 erat
506 2354 618 2394 gratia.

872 231 902 263 2.
929 229 1063 261 Miseros
1087 239 1106 261 a
1130 232 1278 262 carcerali

972 276 1087 307 liberat
1111 278 1276 317 ergastulo,

926 322 979 354 Ad
1003 323 1123 354 veniam
1147 322 1274 355 flectens
1296 333 1399 364 regem

972 371 1130 407 potentem
1154 370 1186 401 in
1210 371 1342 402 saeculo.

892 458 900 466 .
927 432 1107 464 Sanctitatis
1132 435 1197 473 ejus
1217 433 1302 466 fama

974 482 1132 511 crescente
1155 481 1188 511 in
1213 480 1325 520 Gallia,

924 525 1020 556 Multi
1043 526 1081 557 ab
1106 527 1160 557 illo
1186 527 1348 558 sumebant

970 572 1080 602 salutis
1104 573 1251 604 remedia.

1053 673 1255 708 Responsoria.

891 762 899 769 .
923 738 1039 769 Beatus
1063 737 1267 769 Leonhardus
1289 739 1464 778 relinquens

922 784 1081 815 Promissa
1104 784 1186 823 regis
1210 784 1402 816 Francorum

921 829 1074 860 Adcinxit
1097 830 1138 860 ad
1162 830 1305 861 militiam

921 875 960 906 Se
985 875 1066 914 regis
1091 876 1279 917 angelorum,

880 945 888 952 .
918 921 1074 952 Exsulans
1098 930 1156 960 pro
1180 921 1313 952 Domino

917 967 948 997 A
970 967 1130 997 vicinitate

919 1012 1038 1044 Civium
1063 1020 1197 1042 suorum.

885 1100 892 1106 .
915 1076 1075 1106 Venerunt
1098 1074 1139 1105 ad
1164 1074 1264 1105 virum
1287 1075 1349 1106 Dei

962 1120 1061 1159 ipsius
1086 1120 1242 1160 discipuli,

915 1166 1033 1205 Quibus
1058 1165 1176 1198 fontem
1206 1166 1293 1198 dedit
1319 1166 1460 1199 Christus

960 1221 1055 1252 prece
1078 1213 1127 1243 sui
1151 1211 1269 1254 famuli,

876 1282 884 1288 .
914 1258 1079 1290 Fluminis
1123 1258 1264 1299 impetus
1309 1259 1462 1299 laetificat

914 1304 1071 1336 civitatem
1094 1304 1169 1336 Dei.

879 1395 887 1402 .
911 1369 1054 1401 Liberati
1078 1377 1117 1400 ex
1140 1369 1305 1408 ergastulis

908 1416 970 1447 Per
994 1416 1119 1446 beatum
1143 1415 1364 1448 Leonhardum

908 1462 1006 1493 Multi
1031 1462 1070 1493 de
1093 1462 1271 1502 longinquis
1297 1471 1365 1494 eum

912 1508 1104 1548 Regionibus
1128 1509 1233 1540 vincla
1255 1507 1391 1541 ferentes

910 1555 1123 1594 Requirebant
1145 1555 1248 1586 locum

910 1601 955 1633 Et
979 1600 1176 1633 confluebant
1200 1602 1242 1633 ad
1267 1610 1355 1641 eum;

871 1674 878 1681 .
909 1646 1042 1680 Gratias
1065 1649 1191 1688 agentes
1207 1648 1276 1680 Deo
1302 1647 1457 1682 altissimo

910 1694 1163 1735 ‘magnificabant
1186 1696 1332 1727 semotum
1355 1696 1456 1728 Leon-

909 1741 1058 1774 harabum.

967 1871 1012 1902 In
1037 1872 1067 1902 3.
1094 1871 1319 1905 Nocturno.

1060 1943 1253 1978 Antiphonae.

855 2010 871 2041 1
878 2036 885 2043 .
910 2009 1051 2041 Advenit
1069 2010 1274 2041 Aurelianum

956 2056 1086 2088 verbum
1110 2056 1171 2088 Dei
1195 2058 1392 2100 praedicans,

910 2102 1082 2134 Maximino
1104 2111 1195 2135 servo
1219 2104 1280 2135 Dei

956 2158 991 2180 se
1019 2150 1066 2181 vir
1089 2153 1215 2182 sanctus
1241 2151 1392 2185 indicans.

853 2216 883 2246 2.
911 2214 987 2246 Cum
1013 2224 1072 2254 quo
1100 2219 1301 2248 conversatus
1326 2216 1387 2249 fuit

956 2261 1115 2300 aliquanto
1131 2265 1273 2303 tempore

907 2308 1068 2339 Anhelans
1092 2309 1133 2341 ad
1158 2318 1285 2350 regnum
1311 2310 1395 2343 vitae

954 2354 1112 2388 sitibundo
1132 2358 1269 2396 pectore.

1227 2409 1284 2439 16*
