1650 2542
110 2337 185 2356 saec.
208 2326 251 2355 15.
291 2327 360 2356 Cod.
382 2328 597 2354 Wratislavien.
622 2327 638 2354 Ι
658 2327 684 2361 Q,

635 128 773 163 —·85
823 149 865 154 ,-

123 223 153 254 2.
180 222 282 254 Carne
308 222 430 253 demum
455 225 579 255 exuitur

226 268 318 299 Felix
340 269 395 299 ille
419 269 558 308 spiritus,

179 314 224 346 Et
246 315 279 345 in
303 315 399 346 vitam
425 317 618 349 convertitur

227 360 359 392 Flebilis
383 362 539 396 interitus.

148 469 156 476 .
181 444 369 486 Thesaurus,
396 445 449 485 qui
472 445 565 476 latuit

227 490 331 521 Humo
357 493 531 533 coopertus,

183 537 287 576 Signis
313 538 407 568 certis
432 539 534 576 patuit

225 583 330 622 Atque
353 586 399 614 est
424 587 578 623 repertus.

321 722 525 756 Responsoria.

153 833 158 838 .
186 806 307 846 Corpus
333 807 399 837 eius
423 807 598 846 squalidum

229 852 320 892 Erat,
348 853 420 884 dum
447 853 580 893 vivebat,

185 898 247 930 Sed
271 899 304 929 in
328 903 428 930 morte
451 899 586 930 nitidum

229 944 275 976 Ut
304 945 353 976 lac
376 945 561 985 apparebat,

182 991 226 1022 Et
249 991 313 1022 eius
339 991 377 1022 ab
402 1000 456 1022 ore

184 1037 316 1068 1nsolito
341 1046 427 1068 more

232 1083 317 1115 Odor
342 1083 534 1123 erumpebat,

146 1153 155 1161 .
185 1129 461 1161 Palem-{tudinem
490 1130 638 1162 candoris
662 1131 728 1163 cius

184 1175 406 1207 admirabatur
430 1175 556 1218 oculus,
584 1179 611 1208 et
634 1185 729 1216 super

182 1221 316 1253 imbrem
341 1222 406 1253 eius
432 1223 605 1262 expavescit
629 1232 690 1254 cor.

153 1329 160 1336 .
187 1305 228 1337 Os
258 1305 297 1336 de
320 1307 445 1344 gutture
469 1306 559 1337 anxio

234 1351 327 1390 Signo
353 1352 453 1382 crucis
479 1352 596 1391 expulit

184 1397 229 1428 Et
251 1397 381 1438 sanavit,
408 1406 483 1436 quos
507 1399 611 1436 passio

232 1443 390 1482 Paralysis
414 1444 559 1484 perculit,

187 1490 314 1521 Claudis
339 1498 486 1531 gressum,

233 1536 333 1567 caeeis
357 1536 457 1568 visum
483 1540 618 1576 reparat,

185 1583 227 1614 Et
249 1582 364 1613 mortui
387 1583 577 1614 suscitantur

229 1629 332 1668 Ipsius
358 1629 484 1660 auxilio.

143 1699 149 1706 .
180 1676 269 1707 Bene
293 1675 404 1707 omnia
422 1675 503 1718 feeit,
528 1676 640 1708 surdos
655 1676 729 1716 fecit

183 1722 297 1768 audire
330 1724 357 1753 et
379 1724 484 1754 mutos
509 1721 604 1761 loqui.

125 1828 156 1840 ..
182 1806 230 1837 Sit
253 1807 319 1837 laus
343 1806 404 1837 Dei
427 1805 492 1837 filio

182 1853 219 1885 In
244 1853 387 1883 sollemni
407 1852 544 1891 praemio

228 1899 389 1938 Hedwigis
415 1898 535 1939 beatae,

183 1946 277 1979 Cuius
301 1945 488 1976 interventio

183 1992 231 2024 Sit
255 1995 364 2024 nostra
383 1992 473 2023 tuitio

226 2039 266 2071 In
290 2039 490 2071 adversitate.

112 2086 149 2118 V.
177 2085 289 2118 Asttttt
318 2085 433 2126 reyina
456 2094 478 2116 a
506 2085 639 2117 dexteris
663 2085 726 2116 Dei

181 2133 218 2163 in
245 2133 357 2164 vestitu
385 2132 558 2173 deaurato,
591 2132 725 2163 circum-

182 2179 261 2211 data
282 2179 446 2213 varietate.

937 225 953 256 Ι
961 234 982 256 n
1005 224 1033 256 L
1041 233 1060 255 a
1069 233 1089 255 u
1101 224 1138 256 di
1150 223 1168 255 h
1181 233 1201 255 u
1210 233 1236 256 s.

1000 297 1191 332 Antiphon-ae.

799 352 828 386 1.
853 354 1011 392 Hedwigis
1035 353 1094 385 Dei
1118 353 1264 384 laudibus

853 400 971 431 Diebus
995 402 1088 439 atque
1111 399 1253 431 noctibus

902 446 1019 486 Iugiter
1044 446 1175 478 vacabat

856 493 977 532 Proque
1000 492 1202 531 pereuntibus

856 538 994 570 Profusis
1020 539 1184 578 gemitibus

899 585 1000 616 Deum
1024 585 1181 617 exorabat.

823 663 831 671 .
856 640 956 671 Adest
983 640 1048 671 dies
1072 640 1210 671 laetitiae

853 686 977 718 Lucens
1003 685 1121 718 Christi
1143 684 1280 717 familiae

858 735 887 764 A
912 733 1060 764 virtutum
1084 733 1200 763 lumine

853 778 1072 810 Sanctissimae
1096 777 1238 812 feminae.

824 860 830 866 .
856 834 879 865 O
905 834 1025 872 lampas
1051 834 1200 866 ecclesiae

853 879 975 912 Luceus
999 880 1060 911 Dei
1081 881 1191 920 gratia,

855 926 917 957 Vas
941 926 1182 963 misericordiae,

854 972 933 1002 Dele
955 975 1063 1003 nostra
1087 972 1171 1003 vitia.

820 1051 828 1058 .
852 1027 941 1058 Haec
965 1029 1013 1057 est
1034 1026 1194 1065 Hedwigis
1219 1026 1321 1064 beata,

852 1072 944 1104 Cuius
969 1073 1052 1104 vitae
1075 1072 1160 1103 fama
1184 1076 1273 1112 grata

853 1119 974 1150 Clarior
997 1119 1152 1150 sideribus

854 1165 949 1196 Lucet
973 1165 1006 1195 in
1031 1165 1187 1204 operibus,

821 1246 827 1252 .
854 1221 978 1251 Amicta
1002 1221 1068 1251 sole
1091 1220 1207 1251 femina

853 1267 1011 1306 Hedwigis
1041 1270 1088 1297 est
1111 1267 1188 1297 haec
1213 1267 1347 1306 domina,

853 1313 948 1351 Quam
976 1313 1116 1345 Christus
1139 1313 1201 1343 iam
1225 1313 1384 1345 decoravit

852 1359 895 1390 Et
918 1360 950 1389 in
976 1359 1061 1390 caelo
1087 1359 1255 1391 coronavit.

969 1431 1014 1458 Ad
1032 1431 1212 1458 Benedictus.

816 1513 823 1520 .
852 1488 967 1528 Fulget
990 1488 1024 1519 in
1048 1488 1124 1519 orbe
1146 1489 1212 1519 dies

898 1535 993 1565 hodie
1017 1535 1220 1566 celeberrima
1243 1537 1319 1574 toto,

855 1580 978 1612 Gaudia
1001 1581 1147 1611 millesies

898 1631 1074 1666 repetamus
1099 1627 1234 1667 supplici
1258 1629 1338 1658 voto.

920 1720 965 1751 In
990 1722 1021 1752 2.
1050 1720 1261 1759 Vesperis.

974 1793 1018 1820 Ad
1039 1792 1214 1829 Magnificat.

815 1876 821 1883 .
852 1849 972 1890 Gaude,
995 1851 1094 1882 solum
1118 1850 1238 1883 Slesiae

899 1897 979 1928 Nam
1003 1900 1057 1928 tua
1082 1898 1199 1937 colona,

852 1944 1022 1983 Hedwigis‚
1049 1944 1143 1975 decus
1167 1944 1363 1984 Trebniciae,

900 1990 1022 2022 Nobilis
1044 1993 1196 2029 matrona,

852 2037 951 2069 Facta
976 2037 1118 2069 caelestis
1142 2038 1264 2076 patriae

897 2083 982 2115 Civis
1007 2087 1038 2115 et
1060 2086 1195 2124 patrona

851 2130 979 2162 Transit
1001 2131 1043 2164 ad
1067 2131 1188 2162 culmen
1213 2131 1331 2170 gloriae

897 2177 996 2217 Regni
1022 2186 1090 2209 cum
1114 2186 1238 2210 corona.

186 2254 269 2280 Brev.
289 2261 341 2279 ms.
361 2252 527 2287 Saganense
546 2260 620 2279 saee-
644 2250 686 2279 15.
726 2251 794 2279 Cod.
814 2251 1029 2278 Wratislavien.
1049 2252 1064 2279 Ι
1085 2251 1110 2285 Q
1126 2248 1171 2278 89.
1192 2251 1224 2278 A.
1252 2266 1287 2271 —
1309 2252 1392 2279 Brev.

113 2300 164 2319 ms.
185 2291 324 2318 Nissense
344 2297 418 2317 saec.
435 2288 477 2317 15.
511 2289 578 2317 Cod.
594 2289 810 2316 Wratislavien.
829 2289 844 2316 I
859 2289 884 2322 Q
903 2287 966 2316 246.
979 2290 1011 2316 B.
1031 2304 1069 2308 ——
1087 2289 1171 2316 Brev.
1192 2298 1243 2316 ms.
1257 2289 1396 2317 Nissense

709 2325 773 2354 249.
794 2328 825 2354 (J.
850 2341 886 2345 —
908 2327 950 2353 In
976 2325 999 2353 1.
1023 2327 1124 2362 Vesp.
1151 2327 1187 2353 ad
1206 2327 1303 2362 Magn.
1326 2325 1356 2360 Α,
1378 2325 1395 2353 2

110 2366 254 2395 Ancillam
273 2365 411 2392 humilem
428 2365 460 2392 B.
489 2383 507 2386 -
537 2365 579 2392 In
600 2364 624 2392 1.
644 2362 743 2392 Noet.
764 2363 786 2390 Α
808 2362 834 2398 2,
847 2362 865 2390 2
885 2364 911 2391 Α
929 2365 1035 2392 virtute
1048 2365 1080 2392 Β.
1101 2379 1137 2383 -
1158 2362 1178 2390 R
1205 2363 1228 2399 1,
1242 2363 1261 2391 4
1281 2365 1394 2391 instuis.
