1650 2542
284 210 493 241 Romanorum
519 209 645 240 consilio

331 255 438 287 Rediit
461 255 501 286 ad
525 255 664 293 priores;

285 302 405 333 Milites
430 301 476 332 sic
500 302 667 339 congregat

331 347 444 378 Hostes
469 348 509 377 ad
533 345 728 382 vincendum,

282 394 391 433 Regna
414 396 518 424 terrae
542 394 689 431 peragrat

330 439 474 471 Rebelles
499 439 539 469 ad
566 437 763 469 domandum.

245 509 251 515 .
283 485 422 516 Peractis
447 485 492 515 sic
515 483 674 515 laboribus

331 532 368 563 In
393 531 460 561 vico
486 529 665 568 quiescebat

285 576 359 608 Cum
385 576 447 607 suis
472 576 631 613 militibus,

331 623 419 655 Uxor
442 622 495 653 ubi
519 621 673 653 manebat.

372 770 415 801 In
441 769 666 800 Laudibus.

422 861 611 896 Antiphonae.

252 952 259 958 .
286 927 435 958 Dominus
459 927 608 965 regnavit,

283 973 363 1004 Dum
390 973 442 1011 pie
467 972 666 1011 congregavit,

285 1020 420 1051 Uxorem
445 1022 476 1049 et
498 1019 610 1056 virum,

284 1065 457 1096 Ostendens
481 1073 538 1103 per
561 1065 621 1095 hoc
641 1063 762 1094 mirum.

250 1165 257 1171 .
283 1138 417 1170 Iubilate
440 1138 518 1179 Deo,

282 1183 478 1217 Uxorfatur
501 1192 569 1214 curn
594 1191 646 1213 eo:

285 1230 348 1262 Ubi
372 1233 442 1261 sunt
465 1229 564 1261 nostri
589 1229 679 1259 nati?

285 1278 314 1308 A
336 1276 455 1311 bestiis,
481 1276 534 1313 ait,
562 1274 711 1307 devorati.

229 1372 258 1383 ..
285 1351 381 1386 Deus,
406 1349 491 1380 Deus
515 1357 611 1385 meus,

286 1397 380 1434 Quam
404 1396 503 1427 dulcis
528 1403 614 1426 amor
638 1398 718 1432 tuus,

283 1443 312 1473 A
337 1442 445 1472 bestiis
469 1442 566 1473 ablati

284 1488 363 1519 Nam
389 1491 460 1518 sunt
484 1488 582 1519 nostri
606 1487 681 1518 nati.

254 1587 260 1592 .
285 1562 373 1593 Haec
395 1565 455 1592 ait:
479 1561 668 1592 benedicant

285 1608 386 1639 Facta
408 1608 468 1639 Dei
493 1610 524 1638 et
548 1608 663 1644 dicant,

288 1654 376 1692 Quod
399 1654 539 1685 Christus
564 1662 619 1684 nos
644 1653 789 1691 probavit

285 1700 326 1731 Et
351 1703 439 1731 natos
466 1699 698 1730 demonstravit.

892 208 922 237 5.
947 204 1090 235 Laudate
1113 203 1279 234 Dominum
1305 202 1344 233 de
1369 201 1464 231 caelis

950 250 1059 291 Corde,
1087 249 1178 281 factis
1204 252 1236 280 et
1258 249 1357 289 melis,

948 296 1029 327 Nam
1052 300 1153 336 pater,
1178 298 1286 333 mater,
1315 295 1382 325 nati

949 343 1028 375 Sunt
1051 343 1178 374 tandem
1204 341 1393 381 congregati.

1057 461 1102 488 Ad
1127 461 1307 489 Benedictus.

911 564 917 570 .
948 538 1135 569 Benedictus
1161 536 1322 574 Dominus,

993 584 1051 623 Qui
1074 593 1145 614 suos
1170 583 1328 614 coronavit

946 630 1112 670 Martyrio,
1138 630 1194 660 sed
1218 629 1385 660 comminus

994 676 1063 707 Sibi
1087 676 1227 716 sociavit,

946 722 1048 755 Huius
1072 722 1178 753 mundi
1203 720 1330 752 miseria

995 769 1125 800 Prorsus
1146 767 1273 798 liberati

950 814 1097 846 Gaudent
1122 814 1250 845 caelesti
1275 812 1363 843 curia

994 861 1101 892 Beatis
1126 860 1273 898 adunati3

950 908 1011 939 I’ro
1036 907 1125 937 nobis
1150 909 1241 937 orent
1263 905 1387 944 iugiter,

996 953 1037 985 Ut
1061 953 1147 992 ipsos
1172 953 1395 990 contingamus,

947 1000 1093 1031 Viventes
1117 999 1169 1029 hic
1192 997 1327 1029 feliciter

998 1046 1123 1076 Caelum
1147 1045 1363 1077 ascendamus,

1016 1205 1059 1235 In
1087 1205 1117 1234 2.
1145 1202 1354 1240 Vesperis.

1064 1304 1108 1331 Ad
1126 1302 1302 1338 Magnificat.

910 1409 916 1415 .
947 1382 1048 1414 Adest
1074 1381 1141 1412 dies
1165 1379 1325 1418 victoriae,

947 1431 1011 1466 Quo
1035 1427 1103 1458 adit
1125 1434 1230 1465 regem
1255 1424 1375 1464 gloriae

946 1474 1136 1506 Eustachius
1162 1476 1192 1503 et
1217 1480 1290 1502 suus
1314 1469 1489 1506 comitatus,

947 1521 1008 1552 Per
1031 1520 1141 1551 bovem
1165 1526 1295 1550 aeneum
1320 1515 1482 1555 probatus,

948 1567 1006 1606 Qui
1028 1575 1087 1605 pro
1111 1565 1201 1597 nobis
1225 1563 1413 1600 intercedat,

949 1614 998 1644 Ne
1021 1622 1077 1644 nos
1103 1613 1197 1643 draco
1221 1609 1325 1649 Stygis
1349 1608 1464 1642 laedat,

950 1660 1012 1691 Sed
1037 1661 1109 1698 post
1129 1658 1189 1688 hoc
1215 1656 1358 1687 exsilium

952 1705 1205 1744 Contemplemur
1228 1703 1288 1734 Dei
1312 1701 1421 1733 filium.

291 1778 372 1804 Brev.
398 1785 450 1803 ms.
475 1777 652 1803 Voraviense
677 1784 750 1803 saec.
779 1774 822 1802 15.
862 1774 929 1802 Cod.
948 1775 1102 1801 Voravien.
1130 1770 1193 1800 268.
1214 1772 1247 1799 A.
1267 1786 1306 1791 —
1326 1768 1412 1797 Brev.
1438 1777 1490 1795 ms.

218 1815 388 1841 Secoviense
408 1821 481 1840 saec.
505 1812 547 1840 15.
588 1813 654 1840 cod.
676 1813 811 1840 Graecen.
830 1810 895 1839 471.
916 1813 947 1839 Β.
962 1826 997 1830 -
1016 1811 1057 1838 In
1078 1810 1102 1838 1.
1122 1811 1222 1844 Vesp.
1244 1809 1289 1835 Ad
1308 1808 1407 1842 Magn.
1428 1805 1460 1841 A,
1474 1804 1491 1830 5

217 1859 268 1877 suo
289 1859 353 1877 cum
370 1851 401 1876 Β.
412 1864 450 1868 -
462 1850 507 1877 Ad
521 1849 657 1886 Complet.
673 1849 693 1875 A
708 1850 818 1885 Rupem
841 1858 940 1877 cervus
960 1849 1027 1875 dum
1046 1848 1213 1875 conscendit
1231 1849 1284 1874 ete.
1305 1845 1442 1873 entlehnt.
1456 1857 1492 1861 —

217 1889 257 1915 In
284 1886 310 1913 2.
332 1888 426 1914 Not-t.
449 1885 468 1912 R
493 1885 519 1920 3,
540 1886 557 1914 5
581 1887 626 1914 leo
651 1888 747 1922 inquit
764 1888 797 1914 A.
818 1902 851 1906 —
874 1887 913 1914 111
932 1884 958 1913 3.
977 1886 1076 1913 Noct.
1098 1884 1119 1911 A
1141 1883 1166 1919 3,
1189 1882 1203 1911 1
1226 1884 1249 1911 O
1269 1883 1342 1910 fehlt
1361 1883 1403 1915 Ας
1423 1881 1490 1907 lies:

218 1926 240 1952 O
255 1926 332 1951 beati
346 1926 420 1951 servi
436 1926 575 1960 quorum?
594 1939 624 1941 *-
647 1922 666 1949 R
681 1922 707 1956 2,
722 1922 739 1950 2
751 1924 825 1952 Mire
840 1926 1026 1960 reppererunt
1038 1923 1071 1950 A.
1085 1939 1122 1942 —
1139 1920 1158 1947 R
1173 1920 1199 1953 2,
1212 1920 1232 1948 4
1245 1921 1336 1954 Quem
1349 1919 1492 1946 cicatricis

217 1963 276 1988 AB.
290 1977 325 1981 —
344 1962 384 1988 In
399 1962 504 1988 Laud
520 1960 541 1987 A
554 1961 580 1993 4,
595 1960 612 1987 2
624 1962 796 1989 benedicant
807 1963 840 1989 A.
853 1976 890 1980 -—
905 1960 927 1987 A
940 1959 967 1994 4,
981 1958 998 1988 3
1013 1961 1075 1994 Quo
1089 1961 1148 1987 AB.
1161 1973 1199 1977 —
1213 1957 1235 1984 A
1249 1957 1275 1991 5,
1289 1956 1307 1983 2
1320 1958 1395 1984 facto
1409 1957 1443 1983 A.
1457 1969 1493 1973 —-

217 1999 273 2025 Die
287 1997 308 2023 A
325 1999 360 2024 ad
372 1999 469 2034 Magn.
488 2001 520 2025 in
538 1997 564 2024 2.
577 2000 663 2033 Vesp.
683 1999 760 2025 steht
773 2000 804 2025 in
820 1999 924 2026 beiden
937 1998 1058 2031 Quellen
1071 1998 1107 2024 ad
1121 1997 1259 2028 Primam3
1280 1995 1317 2022 ad
1329 1995 1456 2022 Tertiam
1472 1991 1493 2018 A

216 2035 391 2062 Eustachius
411 2044 474 2061 cum
490 2036 607 2070 paribus
627 2038 687 2068 ete„
710 2036 832 2063 welches
852 2037 898 2064 die
918 2034 939 2061 A
961 2035 997 2062 ad
1015 2034 1186 2062 Benedictus
1206 2041 1257 2059 aus
1274 2032 1338 2059 dem
1350 2032 1495 2059 Passauer

219 2071 349 2099 Officium
372 2073 423 2105 ἱεῖς
453 2073 488 2099 ad
510 2072 626 2099 Sextam
647 2071 668 2097 A
691 2073 714 2100 O
735 2081 939 2109 consurgamus
960 2075 1029 2107 ete,
1049 2072 1100 2098 das
1119 2071 1322 2098 Invitatorium
1342 2069 1492 2096 desselben

218 2109 380 2140 Officiums;
408 2109 444 2136 ad
463 2110 576 2136 Nonam
596 2108 618 2135 A
637 2110 684 2136 Ex
702 2111 804 2145 gentili
823 2111 957 2146 largitate
977 2111 1038 2142 etc„
1059 2109 1105 2135 die
1125 2107 1150 2134 5.
1172 2106 1193 2132 A
1214 2109 1246 2133 in
1267 2106 1291 2133 1.
1303 2107 1390 2142 Vesp.
1409 2106 1494 2133 eben-

220 2147 264 2173 da.
301 2147 337 2173 In
363 2144 388 2172 2.
409 2147 495 2181 Vesp.
524 2145 540 2173 5
561 2144 607 2172 AA
635 2155 720 2182 super
738 2147 784 2174 Ps.
804 2148 943 2174 Natorum
970 2147 1102 2173 absentia
1127 2148 1179 2172 etc.
1205 2153 1267 2171 cum
1294 2144 1415 2179 reliquis
1442 2151 1494 2170 aus

220 2184 275 2210 den
293 2183 407 2210 Laudes
428 2183 577 2210 desselben
597 2183 750 2211 Officiums.
776 2185 811 2211 In
830 2183 856 2211 2.
870 2185 957 2219 Vesp.
978 2183 1015 2209 ad
1032 2183 1129 2218 Magn.
1145 2181 1166 2208 A
1180 2182 1357 2209 Eustachius
1378 2181 1495 2217 popliti-

217 2222 279 2254 bus,
312 2221 472 2247 ebendaher
500 2221 635 2248 entlehnt.
673 2221 739 2248 Alle
759 2221 836 2248 diese
855 2221 1078 2255 Entlebnungen
1097 2220 1194 2247 lassen
1213 2219 1347 2255 glauben,
1367 2219 1429 2245 dass
1449 2218 1495 2244 die

219 2257 241 2283 A
269 2258 305 2284 ad
324 2258 447 2284 Primam
476 2258 522 2285 die
547 2257 716 2293 eigentliche
737 2257 758 2283 A
784 2259 878 2287 dieses
899 2258 977 2285 Offie.
999 2266 1063 2284 zum
1084 2256 1253 2292 Mag-nificat
1271 2256 1321 2283 der
1340 2255 1366 2283 2.
1385 2257 1496 2291 Vesper

217 2296 264 2322 ist.
284 2310 321 2314 —
342 2296 488 2329 Hymnen:
515 2295 649 2329 Hymnen
669 2295 705 2322 ad
724 2296 811 2331 Vesp.
833 2299 862 2322 et
879 2296 977 2323 Noct.:
1005 2294 1028 2321 O
1049 2296 1122 2321 mira
1141 2294 1318 2329 dispensatio
1338 2294 1432 2327 (Anal.
1444 2295 1494 2328 IV,

220 2330 294 2368 138);
316 2332 351 2359 ad
375 2333 501 2359 Laudes:
521 2332 639 2359 Romam
661 2332 737 2359 redit
755 2333 931 2360 Eustachius
951 2331 1033 2364 (Ibid.
1057 2329 1129 2363 137).
