1650 2542
737 140 988 174 -190—

433 236 633 272 Responsoria.

245 304 275 334 4.
301 303 403 334 Iustus
426 302 457 332 in
483 301 597 333 somnis

348 349 469 386 captum
480 348 574 385 videt,
584 356 634 377 ars
644 348 731 384 patet
739 344 835 376 omnis

301 394 341 425 Ut
366 393 558 432 redimatque
582 393 663 430 patri

348 439 473 469 suadet:
499 446 584 476 mea3
611 438 660 468 via
683 436 776 467 matri

300 485 387 515 Dura
410 484 588 515 videbatur:

345 530 437 565 Deus,
455 529 564 568 inquit,
583 538 637 560 nos
655 528 834 566 comitatum

265 601 272 607 .
303 575 481 615 Sumptibus
506 574 692 613 consumptis

346 621 399 652 dat
446 621 506 652 iter
553 624 642 659 pater
688 620 837 658 proleque

612 665 735 699 iuuetis.

356 805 398 836 In
423 806 451 836 2.
478 804 700 838 NocturnO.

435 905 625 940 Antiphonae.

269 994 276 1000 .
301 971 402 1000 Arcus
432 978 498 1001 cum
524 971 672 1009 pharetra

345 1019 417 1046 sunt
447 1019 591 1055 prompta
615 1015 764 1055 feroxque
787 1026 834 1047 sa-

616 1062 704 1101 gitta,

298 1108 342 1140 Ut
365 1107 448 1145 pleni
472 1108 565 1138 sorde

346 1153 480 1191 perdant
502 1156 623 1184 nectum
643 1162 717 1185 vere
734 1155 836 1185 corde.

271 1256 277 1262 .
306 1234 373 1265 Non
405 1235 491 1266 dolus
513 1236 545 1266 in
570 1237 675 1276 lingua

351 1280 418 1319 fuit,
444 1290 481 1312 ac
501 1282 617 1320 probra
640 1282 774 1321 maligna

305 1326 428 1364 sprevit
452 1330 481 1357 et
507 1327 635 1358 abiectis

349 1373 453 1410 pravis
477 1373 576 1404 minus
602 1376 631 1404 et
656 1374 737 1405 mala
755 1373 836 1405 fecit.

251 1455 282 1484 Η.
308 1454 471 1485 Praevenit
494 1455 575 1486 hunc
597 1457 729 1494 primum

348 1500 431 1531 Deus
456 1505 545 1532 aucta
569 1502 638 1533 luce
662 1503 780 1533 dierum

302 1546 398 1584 Inque
422 1547 550 1578 salutari

349 1590 422 1623 facit
446 1592 527 1625 hunc
551 1594 617 1624 sine
640 1593 702 1625 fine
723 1594 820 1626 beari.

268 1698 275 1703 .
303 1673 422 1712 Pauper
446 1675 599 1714 clamavit,

347 1719 431 1750 Deus
457 1721 624 1761 exaudivit,
650 1723 762 1753 amavit

303 1765 530 1804 omnigenoque
554 1766 633 1798 bono

348 1811 448 1850 replet
492 1813 609 1844 addens
647 1822 681 1844 se
720 1823 840 1854 quoquc

620 1860 708 1893 dono.

271 1965 278 1971 .
306 1939 395 1970 Vitae
420 1941 542 1972 Christe
570 1942 671 1981 dator,

349 1987 430 2017 arcis
455 1986 537 2029 Sion,
566 1996 612 2027 en,
639 1990 816 2027 speculator

302 2031 438 2069 Hymnat
463 2033 589 2072 electus,

349 2081 523 2116 assumptus
547 2080 588 2111 ad
609 2083 753 2119 astraque
768 2090 838 2112 vec-

619 2129 677 2158 tuS.

270 2231 277 2237 .
302 2206 448 2237 Delectus
471 2207 498 2237 is
523 2209 556 2239 in

349 2252 478 2284 facturis
505 2257 614 2285 cuncta
639 2256 771 2287 creantis

303 2299 363 2330 Est
385 2299 446 2330 iam
469 2298 569 2331 faetus
595 2301 705 2332 cedrus

350 2343 478 2388 in]aula
502 2346 728 2385 omnipotentis.

1096 230 1299 265 Responsoria.

904 298 935 328 4.
961 296 1069 328 Lictor
1090 296 1152 326 iter
1176 295 1254 327 Iusti

1008 342 1157 381 sequitur,
1182 350 1260 380 puer
1283 340 1339 372 ille
1363 338 1487 379 parenti

961 388 1089 419 Abdere
1114 388 1201 429 dixit,
1232 396 1287 426 ego

1008 443 1188 472 responsum
1217 432 1283 464 fero
1308 431 1455 470 venienti,

922 505 930 512 .
962 480 1043 511 Huic
1071 481 1173 511 vivum
1198 479 1278 510 dabo
1304 487 1362 517 me,

1010 535 1102 557 eruce
1121 526 1173 564 qui
1186 525 1244 556 fuit
1257 524 1359 556 hostia
1373 533 1430 564 pro
1442 532 1502 556 me.

1022 665 1067 695 In
1093 665 1123 696 3.
1150 663 1374 695 Nocturno.

1097 737 1298 771 Responsoria.

907 822 915 827 -
930 827 937 834 .
962 803 1008 834 Te
1031 803 1160 833 laudare
1183 801 1284 832 Deum

1010 850 1116 888 decet,
1149 856 1242 888 auges
1274 855 1407 886 namque
1438 850 1503 879 tro-

1281 902 1391 932 paeum

962 941 1006 973 Et
1029 949 1106 971 nece
1128 942 1288 971 transacta

1009 989 1186 1017 sanctorum
1211 994 1266 1025 per
1289 994 1380 1017 sacra
1404 984 1489 1016 facta

924 1060 931 1067 .
963 1033 1033 1067 Cor,
1060 1041 1172 1071 corpus
1195 1041 1280 1071 sana,

1009 1088 1092 1118 rege,
1112 1079 1172 1110 duc
1189 1087 1245 1110 nos
1258 1078 1401 1118 pelleque
1414 1087 1504 1110 vana.

1051 1227 1067 1258 I
1077 1235 1096 1256 n
1120 1225 1148 1256 L
1157 1234 1176 1256 a
1183 1234 1204 1255 u
1214 1225 1253 1256 di
1263 1224 1283 1255 b
1291 1235 1313 1256 u
1322 1235 1346 1259 s.

1102 1298 1294 1331 Antiphonae.

934 1389 936 1395 .
966 1364 1028 1396 Hic
1053 1364 1185 1396 Domino
1210 1364 1300 1395 sedes

1012 1411 1084 1442 dum
1108 1411 1211 1441 lumen
1236 1411 1397 1450 splenduit
1412 1412 1506 1442 aedes

965 1456 1111 1496 Collaque
1135 1455 1276 1495 perfecta

1008 1503 1182 1534 micuerunt
1205 1503 1307 1534 omnia
1330 1505 1421 1536 lecta.

930 1611 936 1617 .
967 1586 1095 1616 Praesul
1114 1586 1246 1616 Amator
1271 1585 1306 1616 fit
1329 1587 1506 1624 speculator

1009 1631 1133 1662 luminis
1159 1631 1259 1670 huius,

963 1677 1094 1708 Munere
1120 1678 1205 1708 cuius
1230 1680 1278 1708 est
1301 1679 1470 1711 tumulatus

1009 1723 1058 1754 vir
1081 1723 1247 1762 iugulatuS.

931 1832 938 1839 .
963 1805 1093 1837 Femina
1117 1815 1211 1837 caeca
1235 1805 1304 1845 fuit,

1010 1860 1089 1891 quae
1105 1853 1313 1892 pervigilante
1328 1855 1506 1894 sepulcrum

962 1898 1091 1938 Mansit,
1122 1908 1203 1938 ecce,
1230 1900 1346 1930 clarum

1012 1945 1089 1976 dans
1101 1946 1201 1978 visum
1215 1946 1274 1977 sibi
1287 1955 1321 1977 se
1329 1947 1503 1985 pulchrum.

931 2053 938 2060 .
965 2027 1010 2058 Tc
1034 2027 1202 2069 benedicit,

1011 2073 1143 2112 Christe,
1168 2073 1287 2113 beatus,

965 2119 1022 2157 Qui
1046 2119 1164 2157 probra
1189 2119 1262 2150 vicit

1010 2166 1070 2196 Per
1094 2165 1248 2197 eruciatus

965 2212 1029 2249 Quo
1054 2211 1221 2242 adiuvante

964 2257 1011 2287 Te
1034 2257 1209 2297 miserante,

1014 2303 1132 2341 Quique
1155 2303 1304 2345 iuvemur,

1014 2349 1063 2380 Ne
1088 2350 1267 2385 cruciemur.
