1650 2542
305 238 410 272 Currit
433 237 473 268 ad
497 236 647 275 bravium,

350 285 426 317 Cum
451 283 550 314 cernit
570 283 684 321 polum,

303 331 346 363 Et
372 329 404 361 fit
426 328 582 361 mirificus,

270 412 277 419 .
301 386 418 418 Doctor
441 384 579 415 theorice

301 431 395 463 Vitae
420 430 589 461 catholicae

346 476 471 516 Spernit
494 475 659 513 saeculum,

302 523 384 553 Vivit
409 522 523 552 caelice

298 569 341 599 Et
364 568 422 599 hoc
444 576 502 606 pro
526 575 644 597 summa.
667 566 775 604 gloria.

260 649 265 656 .
299 624 322 655 O
347 623 401 653 lux
426 622 577 653 mirabilis

297 669 340 701 Et
362 668 572 707 immutabilis,

343 715 504 753 Iohannes,
528 714 627 744 lilium

342 761 385 792 Et
406 759 463 791 fios
488 760 681 799 convallium,

294 807 371 839 Post
394 807 506 838 donum
530 806 648 845 gratiae

297 852 424 886 Confert
449 855 480 882 et
502 852 620 891 gloriae

339 899 377 930 In
402 898 528 929 caelesti
551 899 670 939 patria3

256 971 263 979 ‚
293 945 448 976 Summum
473 944 677 983 praesagium,

293 991 381 1030 Fuga
406 990 578 1029 contagium

339 1036 452 1067 Divino
473 1044 609 1068 munere.

408 1108 451 1135 Ad
470 1107 644 1143 Mag-nificat.

258 1192 264 1197 .
293 1164 394 1203 Salve,
421 1165 513 1195 decus
540 1163 758 1204 confessorum,

294 1210 361 1242 Lux
384 1219 519 1249 superna
541 1211 711 1249 beatorum,

291 1256 402 1287 Funde
425 1259 498 1288 vota
522 1259 553 1287 et
576 1257 710 1295 suspiria

291 1303 385 1341 Apud
409 1302 510 1333 Deum
532 1305 634 1333 mente
656 1303 710 1341 pia

294 1349 352 1379 Pro
376 1348 464 1379 nobis
488 1348 691 1387 supplicibus,

291 1395 372 1432 Quos
397 1395 521 1433 acquire
544 1394 698 1433 precibus.

349 1505 408 1535 Ad
433 1504 691 1536 Matutinum.

421 1577 629 1604 Invitatoriuin.

291 1634 464 1665 Adoremus
490 1636 660 1665 creatorem

335 1680 505 1711 Iubilantes
533 1680 688 1718 laudibus,

291 1725 348 1763 Qui
370 1726 537 1757 Iohannem
563 1724 770 1757 confessorem

338 1771 421 1802 Caeli
445 1771 548 1802 iunxit
572 1771 698 1803 civibus.

352 1893 395 1922 ln
422 1892 451 1924 1.
476 1892 696 1925 Nocturno.

427 1964 616 2000 Antiphonae.

234 2019 263 2050 1.
289 2019 402 2050 Beatus
426 2020 459 2051 in
481 2022 640 2059 provincia

334 2065 485 2097 lohannes
510 2075 588 2105 puer
611 2068 742 2099 Tusciae

288 2110 348 2141 Est
369 2114 454 2142 ortus
480 2112 518 2143 de
542 2115 688 2152 prosapia

333 2157 504 2195 Spectabili
529 2159 717 2194 Florentiae.

231 2213 262 2244 2.
290 2212 477 2244 Praeventus
502 2216 550 2244 est
572 2216 672 2253 gratia

334 2258 467 2297 Superni
490 2262 684 2301 spectatoris,

284 2303 431 2344 Refulget
453 2315 534 2337 nunc
554 2307 587 2337 in
610 2308 709 2347 gloria

331 2350 492 2391 Seraphici
518 2353 649 2388 decoris.

833 143 899 177 172
948 164 989 169 —

908 239 939 269 3.
966 238 1064 270 Verus
1087 240 1186 271 crucis
1211 240 1350 272 imitator

883 1373 920 1403 V.

1010 284 1106 316 habet
1128 286 1203 318 inde
1226 287 1369 327 gratiam,

966 329 1022 362 Cui
1045 335 1137 371 caput
1160 341 1195 364 se
1217 334 1371 365 inclinans

1008 378 1074 417 agit
1097 380 1315 413 reverentiam.

963 461 1083 500 Pompa
1102 463 1210 494 mundi
1235 466 1309 494 tunc
1332 463 1446 495 relicta

1008 515 1130 538 crucem
1153 509 1215 540 iam
1237 509 1448 549 amplectitur,

963 553 1194 586 Circumcidens
1220 564 1254 586 se
1277 555 1443 587 Hebraeus

1009 599 1165 631 Christum
1189 604 1288 632 totum
1313 603 1462 642 sequitur.

962 681 1025 713 Ubi
1049 683 1192 715 Ghn'stus
1215 685 1402 725 immolatur,

1005 728 1096 760 Vitae
1119 730 1213 761 sumit
1233 731 1385 771 habitum,

955 774 1052 806 Totus
1076 776 1143 807 Deo
1169 780 1366 808 consecratus

1003 820 1104 852 Solvit
1125 823 1218 854 Adae
1243 823 1391 855 debitum.

923 927 930 934 .
957 903 1044 935 Tunc
1069 909 1194 936 exustus
1220 907 1350 938 caritate

1002 950 1115 981 Hostia
1138 953 1303 991 seraphica

956 996 1032 1035 Agit
1057 996 1174 1028 Christi
1197 999 1345 1039 largitate

1000 1043 1068 1074 Iam
1092 1043 1181 1083 signa
1204 1045 1346 1079 mirifica.

1090 1126 1296 1160 Responsoria.

922 1213 929 1221 .
957 1190 1139 1222 Patriarcha
1163 1191 1197 1223 fit
1221 1193 1374 1225 Iohannes

1000 1244 1127 1268 servans
1152 1238 1270 1270 Christi
1294 1241 1443 1281 regulam,

952 1281 1007 1312 Fit
1031 1282 1144 1314 deinde
1160 1280 1220 1327 [et]
1237 1287 1405 1318 monarcha

998 1326 1104 1359 fruens
1127 1329 1187 1360 Dei
1211 1331 1354 1372 gloriam,

950 1373 1123 1405 Exoremus
1148 1379 1270 1414 patrem
1294 1381 1428 1419 patrum,

997 1422 1033 1450 ut
1058 1420 1111 1451 det
1133 1422 1223 1454 nobis
1247 1425 1378 1458 veniam.

896 1503 926 1534 2.
954 1501 1110 1535 Summum
1138 1505 1230 1537 decus
1255 1511 1450 1547 paupertatis

999 1549 1104 1588 Atque
1126 1552 1307 1593 patientiae,

952 1594 1015 1625 Hic
1036 1598 1084 1626 est
1109 1597 1218 1629 doctor
1243 1600 1383 1632 caritatis

1000 1642 1103 1680 Atque
1122 1643 1327 1686 innocentiae,

885 1686 922 1717 V.
948 1686 1107 1719 Imitemur
1130 1695 1366 1730 praeceptorem

1001 1733 1090 1765 Vitae
1114 1738 1318 1777 evangelicae.

896 1816 925 1847 3.
951 1815 1013 1847 Hic
1034 1822 1190 1858 expugnat
1215 1823 1389 1856 sanctitatis

998 1862 1098 1895 Saeva
1121 1867 1271 1900 venalitia

951 1910 1054 1948 Atque
1078 1912 1213 1944 mundae
1237 1916 1389 1948 castitatis

996 1955 1152 1990 Decolora
1178 1960 1264 2000 vitia,

881 2000 919 2033 V,
948 2000 1045 2042 Fuge,
1071 2004 1177 2035 Simon
1200 2008 1366 2044 pravitatis

996 2049 1101 2087 Atque
1124 2050 1331 2085 immunditia.

893 2132 925 2163 4.
952 2131 1102 2170 Piinceps
1127 2137 1316 2173 apostolicus

995 2177 1108 2210 Fretus
1135 2181 1207 2213 divo
1232 2192 1361 2216 munere

949 2222 1045 2254 Totus
1069 2224 1106 2256 fit
1128 2228 1330 2266 propheticus

995 2270 1087 2302 Almo
1110 2272 1225 2305 Christi
1249 2278 1397 2319 germine,

881 2314 917 2345 V.
946 2314 1060 2355 Fulget
1083 2326 1188 2351 omnes
1212 2330 1299 2354 suum
1327 2326 1409 2356 velle

996 2363 1057 2394 Pro
1081 2366 1207 2398 caelesti
1231 2370 1343 2402 colere.
