1650 2542
694 133 948 167 —201—

351 216 375 244 1.
398 219 529 254 Virginis
554 224 676 251 eximiae
694 225 872 255 Katharinae
895 230 1028 263 martyris
1048 230 1141 258 almae

397 256 486 283 Festa
505 259 649 288 celebrare
669 262 706 288 da
724 263 817 296 nobis,
838 273 888 292 rex
906 267 955 301 pie
974 266 1094 294 Christe.
1122 288 1125 291 -

348 309 372 337 2.
397 313 480 340 Haec
499 315 635 343 mundum
656 325 793 352 spernens
815 323 843 347 et
860 321 958 348 mundi
979 322 1082 350 florida
1101 324 1206 351 ducens

394 350 451 376 Pro
472 351 564 378 nihilo
584 361 683 380 veram
704 356 815 383 studuit
833 366 1004 393 cognoscere
1022 361 1121 387 vitam.

343 402 369 431 3.
395 405 497 440 Coepit
517 414 613 435 amare
633 410 726 437 Deum
746 414 895 448 totumque
914 415 1077 450 relinquere
1098 417 1234 444 mundum

395 442 512 470 Caelica
532 448 627 473 mente
646 449 746 481 petens
770 452 799 475 et
818 449 930 478 Christo
952 460 1065 488 semper
1084 454 1251 482 adhaerens.

339 495 366 524 4.
392 498 478 525 Hanc
500 501 564 534 pius
584 502 615 528 in
635 505 782 538 propriam
802 506 859 532 sibi
880 506 1009 535 Christus
1030 517 1141 537 sumere
1159 519 1294 545 sponsam

390 534 542 571 Dignatus,
564 539 637 565 caeli
657 543 790 574 provexit
809 543 845 569 ad
866 545 939 570 atria
959 547 1071 572 summi.

339 588 356 616 5
387 591 448 618 Iam
472 591 578 620 Christi
598 594 757 623 thalamum
777 599 891 625 scandit
908 600 1072 629 Katharina
1091 603 1205 629 beatum

389 628 492 656 Iuncta
512 638 563 657 suo
584 640 698 666 sponso,
719 643 770 669 pro
791 644 846 670 quo
868 636 936 663 tulit
955 645 1057 673 aspera
1076 640 1182 666 mundi.

186 680 265 707 Funf
281 682 387 710 andere
400 685 587 720 Antiphonen
604 687 672 723 (vgl.
686 690 773 717 Mone
785 691 839 724 111,
856 689 913 719 354
926 702 952 720 u.
967 693 997 726 f.)
1011 694 1109 730 bringt
1121 703 1158 722 an
1171 696 1297 731 gleicher
1312 697 1402 725 Stelle
1413 699 1471 735 Pq:

199 733 223 761 1.
247 736 431 766 Gratulemur
450 742 482 767 in
501 742 609 770 honore
868 745 894 775 3.
915 749 1087 784 Disciplinis
1108 753 1152 778 est
1171 753 1282 779 imbuta

282 775 461 805 Katharinae
480 780 611 815 virginis,
948 786 1049 813 Puella
1069 788 1248 822 caelestibus,

246 811 326 844 Quae
346 814 444 841 divino
467 816 554 851 plena
573 826 637 844 rore
914 823 1029 850 Nudum
1049 825 1125 851 nuda
1142 829 1185 853 est
1206 830 1305 853 secuta

279 849 345 876 Non
365 860 468 879 curans
488 856 656 889 propaginis
951 860 1045 887 Certis
1066 861 1210 889 Christum
1230 865 1363 898 passibus

240 886 314 914 Toto
335 890 440 915 mentis
460 890 491 916 in
511 891 613 918 ardore
912 897 990 924 Dum
1011 898 1164 926 mundanis
1185 903 1228 927 est
1248 904 1333 928 exuta

279 923 395 959 Sprevit
415 926 514 961 culpas
535 930 674 956 criminis.
948 934 1055 961 Vacuis
1074 935 1242 964 honoribus.

194 976 221 1004 2.
242 979 330 1015 Virgo
352 982 477 1016 prudens
498 983 647 1011 anhelavit
863 986 890 1014 4.
912 989 987 1024 Opes
1009 992 1112 1017 mentis
1133 992 1298 1028 praeelegit,

277 1017 322 1043 Ad
342 1018 438 1045 sedem
459 1020 606 1055 sideream,
911 1026 1022 1058 Quibus
1043 1030 1132 1054 totam
1154 1037 1185 1055 se
1207 1030 1320 1065 subegit

240 1054 299 1081 Ubi
319 1055 413 1082 locum
435 1060 619 1092 praeparavit
947 1063 1007 1090 Sub
1033 1066 1127 1091 carnis
1148 1067 1278 1099 victoria,

275 1092 424 1127 Linqueus
445 1095 522 1121 orbis
543 1103 646 1127 aream,
909 1100 1006 1127 Nexus
1027 1102 1125 1128 mundi
1144 1103 1231 1130 fortes
1250 1104 1336 1139 fregit

236 1128 363 1155 Granum
381 1130 439 1156 sibi
456 1134 617 1158 reservavit
907 1137 968 1164 Nec
988 1145 1050 1164 cum
1073 1139 1176 1166 mundo
1197 1140 1351 1176 quidquam
1372 1144 1432 1178 egit

275 1165 449 1193 Ventilando
470 1168 591 1202 paleam.
947 1175 1046 1201 Mundi
1070 1184 1170 1203 carens
1183 1178 1285 1212 gloria.

570 1223 595 1251 5.
616 1225 704 1261 Virgo
724 1227 787 1254 Deo
808 1228 943 1256 decorata

661 1263 744 1290 Fidei
764 1265 913 1300 signaculo

624 1299 664 1326 Et
686 1301 718 1327 iu
737 1304 834 1329 monte
856 1303 997 1331 collocata

661 1337 770 1365 Divino
791 1340 941 1373 miraculo,

623 1374 683 1401 Nos
706 1376 833 1410 expellas
853 1378 915 1404 vita
934 1381 1018 1414 grata

660 1412 763 1439 Mortis
784 1413 820 1440 ab
841 1415 1018 1448 umbraculo,

622 1447 664 1475 Ut
681 1450 714 1475 in
733 1452 837 1477 summi
857 1452 897 1478 sit
915 1456 1038 1488 purgata

658 1486 745 1521 Regis
765 1486 941 1515 habitaculo.

173 1527 293 1554 Wieder
313 1529 418 1556 anslere
437 1529 725 1566 Vesperantiphonen
745 1533 895 1568 begegnen
916 1544 970 1562 uns
990 1538 1021 1562 in
1041 1537 1088 1564 St:

185 1581 209 1609 l.
232 1584 334 1610 Honor
352 1586 459 1611 unitati
478 1587 580 1618 trinae,
901 1590 1013 1619 Thorus
1034 1594 1115 1627 quies

266 1622 405 1648 Trinitati
423 1623 527 1650 unicae
940 1630 1073 1657 aeternae
1092 1631 1211 1665 gloriae,

228 1658 263 1685 In
282 1658 326 1685 his
346 1659 428 1686 festis
449 1660 628 1687 Katharinae
903 1665 1033 1700 Sponsus
1054 1670 1147 1695 rector

264 1696 339 1723 Voto
359 1696 442 1723 detur
461 1698 594 1733 supplici.
938 1704 1070 1731 caelestis
1092 1707 1197 1733 curiae.

181 1745 206 1773 2.
229 1747 299 1774 Orta
320 1748 411 1783 stirpe
432 1749 526 1776 nobili

264 1784 408 1819 Sponsum
427 1786 500 1822 legit
517 1788 653 1821 nobilem⁷

228 1821 342 1849 Christo
364 1831 469 1858 sponso
489 1823 593 1851 humili

264 1858 301 1886 Se
322 1859 499 1894 desponsans
520 1861 667 1889 humilem.

852 1766 879 1795 4.
899 1768 944 1795 Ad
964 1769 1117 1798 clamorem

936 1807 967 1833 in
987 1809 1072 1834 nocte
1091 1809 1187 1836 media

864 1867 876 1873 ,
900 1843 1013 1871 Christo
1034 1853 1140 1878 sponso

935 1882 996 1907 exit
1013 1882 1085 1909 haec
1105 1884 1201 1917 obvia,

180 1908 206 1938 3.
227 1911 310 1938 Felix
329 1914 428 1947 nupta,
898 1918 967 1947 Fert
985 1927 1038 1946 vas
1055 1920 1171 1955 plenum

261 1949 359 1976 felices
379 1950 508 1985 nuptiae,
935 1956 992 1982 olei
1011 1958 1104 1992 eopia,

225 1986 315 2013 Cuius
336 1989 381 2014 est
400 1987 451 2014 (los
896 1992 1068 2028 Nuptiarum

260 2024 313 2051 flos
333 2024 499 2059 pudicitiae,
935 2031 1025 2058 intrat
1043 2032 1163 2068 palatia.

559 2080 585 2108 5.
605 2081 677 2109 Tuis
698 2090 775 2117 ergo,
796 2084 966 2121 Katharina,

612 2119 711 2154 Nupta
730 2122 790 2156 regi
810 2123 869 2148 iam
888 2124 997 2159 regina,

650 2157 801 2185 Poscimus
821 2160 979 2188 sollemniis

612 2195 678 2222 Tua
694 2195 769 2222 festa
788 2196 966 2225 celebrantes

611 2232 764 2266 Interesse,
785 2235 972 2263 convivantes

649 2270 708 2297 Fac
727 2278 780 2297 nos
800 2272 857 2298 tuis
879 2274 999 2308 nuptiis.

163 2325 281 2351 Andere
301 2322 423 2358 Quellen
450 2325 544 2353 haben
570 2328 601 2353 in
629 2324 652 2353 1.
672 2327 759 2362 Vesp.
785 2335 841 2354 nur
865 2330 928 2356 eine
948 2328 970 2355 Α
992 2339 1078 2367 super
1097 2333 1238 2368 Psalmos,
1266 2343 1297 2361 so
1318 2335 1342 2362 P
1361 2335 1409 2363 die
1428 2335 1450 2363 Α

162 2363 293 2398 Virginis
314 2363 438 2389 eximiae
458 2365 509 2390 etc.
532 2363 580 2391 Hh
601 2364 653 2391 hat
671 2365 754 2391 daftir
774 2365 820 2392 (lie
839 2365 986 2402 fulg-ende:
