1650 2542
745 162 998 196 —279—

364 249 425 280 Ad
449 250 715 288 Matutinum.

434 322 649 353 Invitatorium.

307 377 387 417 Regi
413 387 521 419 regum
543 381 713 414 iubilantes

349 424 492 456 Laudum
515 435 573 467 per
595 429 737 469 insignia,

302 469 503 503 Exsultemus
528 478 711 506 venerantes

347 516 549 557 Margaretae
571 521 743 555 sollemnia.

362 656 407 687 In
434 658 465 689 1.
491 659 717 693 Nocturno.

440 730 632 767 Antiphonae.

241 784 272 816 1.
298 784 433 818 Domine
457 787 608 820 Dominus
632 793 748 829 noster,

297 831 399 863 Valde
424 841 456 864 es
481 834 644 875 mirabilis,

295 877 379 909 Dum
402 880 510 917 puella
533 880 654 921 fragilis

297 924 419 955 Subicit
440 926 497 957 sub
521 927 655 965 pedibus

297 971 408 1002 Omnia
433 980 501 1003 cum
525 973 681 1008 laudibus,

236 1028 267 1058 2.
295 1026 382 1058 Caeli
406 1026 528 1067 fulgens
556 1029 644 1068 solio,

293 1072 375 1104 Solis
400 1074 513 1105 amicta
537 1075 633 1113 pallio

292 1118 462 1158 Tamquam
497 1129 612 1159 sponsa
638 1122 677 1153 de
701 1122 838 1155 thalamo

291 1164 434 1196 Candore
457 1167 538 1197 nitet
559 1167 659 1198 niveo.

234 1220 264 1251 3.
290 1219 417 1251 Domini
442 1221 541 1252 virtus
568 1226 740 1264 enarratur,

289 1267 429 1298 Parienti
454 1266 650 1308 suffragatur,

289 1312 353 1344 Ubi
377 1313 431 1352 pie
454 1314 618 1346 invocatur

287 1358 488 1398 Margaretae
514 1361 709 1394 vocabulum.

423 1434 627 1469 Responsoria.

228 1489 257 1521 1.
284 1489 416 1520 Altioris
441 1490 594 1522 imitatrix

283 1535 383 1567 Facta
407 1537 539 1576 consilii,

283 1582 389 1623 Virgo,
418 1583 552 1623 doctrix,
577 1587 698 1624 martyr

284 1628 398 1667 Sponsi
423 1630 537 1669 eximii,

282 1676 320 1707 In
345 1676 405 1708 hoc
430 1684 522 1707 cursu
547 1677 649 1708 exsilii

280 1722 333 1753 Ad
357 1725 389 1753 te
413 1723 573 1762 suspirant
596 1723 663 1763 filii,

209 1768 247 1801 V.
278 1769 354 1800 Flos
380 1769 411 1800 in
436 1768 550 1801 florum
574 1770 678 1802 virens
701 1772 817 1811 areola,

281 1815 380 1846 Trina
404 1816 521 1855 gaudes
546 1817 639 1848 sortis
664 1819 800 1849 aureola.

222 1871 252 1902 2.
279 1870 363 1902 Rosa
384 1871 499 1902 rubens
524 1872 617 1903 hodie

326 1917 376 1948 De
399 1920 486 1948 terra
510 1918 640 1957 succisa,

280 1963 502 2003 Complantata
525 1965 600 1996 liliis

276 2011 369 2043 Viret
391 2011 424 2042 in
450 2011 572 2043 deliciis

324 2057 439 2090 Gladio
464 2058 577 2098 occisa,

205 2105 242 2138 V.
272 2104 384 2136 Floret
407 2105 524 2137 mundo
548 2106 709 2146 miraculo,

274 2152 362 2183 Vivit
388 2152 513 2189 Christo
538 2153 726 2192 spectaculo.

217 2208 247 2239 3.
276 2207 400 2239 Nobilis
424 2208 456 2239 in
482 2208 630 2251 moribus,

274 2253 410 2286 Humilis
436 2255 468 2286 in
492 2256 672 2297 honoribus,

273 2300 368 2332 Casta
390 2301 423 2332 in
449 2302 581 2342 deliciis,

271 2347 397 2387 Pauper
419 2348 453 2380 in
479 2349 607 2390 divitiis,

271 2394 447 2428 Abundans
471 2397 579 2436 sponsi
604 2397 736 2438 gaudio;

906 259 945 292 V.
976 259 1038 291 Res
1061 259 1205 300 fecunda,
1231 270 1282 293 res
1306 262 1450 303 iucunda,

976 306 1063 344 Quod
1083 307 1191 345 puella
1214 306 1334 347 fragilis

976 351 1045 383 Stat
1069 352 1300 392 insuperabilis.

1034 491 1079 521 In
1104 493 1135 524 2.
1161 492 1386 525 Nocturno.

1116 573 1306 609 Antiphonae.

916 637 947 668 1.
971 637 1137 670 Eructavit
1159 648 1211 671 cor
1233 642 1356 680 puellae

973 684 1108 716 Verbum
1133 685 1245 717 bonum
1269 688 1337 718 sine
1360 687 1443 728 felle,

971 729 1100 762 Dulcius
1126 732 1172 762 ori
1197 734 1280 763 omni
1304 735 1406 775 melle,

1017 776 1182 809 Perfusum
1207 787 1278 810 rore
1301 782 1432 819 gratiae.

913 832 944 862 2.
967 831 1051 862 Deus
1077 836 1184 864 noster
1209 833 1363 874 refugium

1015 879 1130 909 Faetus
1155 879 1320 919 singulare,

967 923 1167 962 Margaretae
1190 926 1335 958 solatium

1011 970 1107 1001 Vovit
1130 975 1338 1013 augmentare,

966 1015 1027 1046 Suo
1052 1017 1139 1047 vultu
1163 1017 1254 1048 hilari

1012 1062 1118 1093 Voluit
1142 1063 1222 1094 hanc
1247 1064 1350 1099 beare.

906 1118 937 1148 3.
963 1115 1181 1149 Fundamenta
1204 1120 1332 1160 gratiae,

1010 1162 1142 1201 Christe,
1167 1167 1201 1195 tu
1225 1166 1336 1206 iec1sti,

962 1208 1096 1240 Fructus
1119 1211 1291 1249 patientiae

962 1254 1038 1286 Cum
1060 1254 1138 1287 flore
1163 1259 1370 1290 continentiae

1008 1301 1158 1333 Crescere
1182 1302 1294 1343 fecisti,

962 1347 1103 1379 Omnium
1129 1349 1311 1381 laetantium

1007 1393 1163 1426 Gaudium
1186 1396 1358 1434 perfecisti.

1094 1477 1298 1513 Responsoria.

901 1542 931 1574 1.
960 1542 984 1574 O
1010 1544 1196 1581 stupendam
1220 1545 1350 1585 virginis

1003 1588 1105 1620 Huius
1124 1589 1349 1632 fortitudinem,

957 1635 1042 1674 Quae
1065 1636 1097 1666 in
1123 1645 1156 1667 se
1180 1637 1265 1669 vitae
1288 1640 1403 1671 veteris

1002 1681 1054 1713 Sic
1077 1683 1194 1714 occidit
1216 1684 1370 1717 hominem

954 1728 998 1759 Et
1020 1731 1192 1767 potestates
1216 1732 1297 1762 aeris

1001 1775 1103 1806 Vertit
1125 1776 1159 1807 in
1182 1775 1400 1818 formidinem3

882 1822 920 1853 V.
952 1822 1039 1853 Haec
1062 1822 1158 1853 micat
1183 1832 1251 1854 cum
1277 1825 1463 1866 virginibus,

953 1868 1061 1900 Oleum
1087 1877 1153 1900 cum
1179 1870 1376 1910 lampadibus

952 1914 1063 1946 Gestat
1087 1924 1202 1954 sponsa
1225 1917 1257 1948 in
1281 1919 1434 1951 manibus.

893 1971 923 2001 2.
950 1969 995 2002 Ut
1019 1971 1178 2009 speculum
1202 1973 1375 2011 pudicitiae

995 2016 1179 2056 Margareta
1203 2019 1337 2060 emicuit,

951 2062 1101 2095 Columba
1121 2064 1327 2107 innocentiae,

995 2110 1078 2141 Dum
1102 2111 1164 2142 sibi
1188 2113 1232 2144 nil
1258 2114 1389 2146 retinuit

949 2156 993 2188 Et
1017 2157 1049 2189 vi
1073 2159 1243 2196 patientiae

1002 2203 1166 2236 Crudelem
1191 2210 1322 2239 mortem
1346 2209 1494 2249 pertulit;

877 2249 916 2284 V.
945 2250 1084 2282 Caritate
1107 2252 1272 2286 vulnerata

951 2296 1074 2329 Christo
1099 2300 1181 2330 mori
1206 2303 1254 2331 est
1277 2305 1400 2340 parata.

891 2355 923 2386 3.
949 2353 1083 2387 Sitiebat
1105 2356 1193 2395 virgo
1219 2355 1336 2388 Christi

992 2400 1115 2434 Devota
1136 2403 1330 2444 martyrium,
