1650 2542
781 132 1030 167 —180—

430 228 474 258 In
500 226 720 258 Laudibus.

482 328 503 353 A
508 327 671 362 ntiphonae.

285 393 314 425 1.
341 393 451 432 Ioseph
477 393 509 423 in
535 392 674 422 cubiculo

387 438 537 469 Dominus
562 437 709 479 regnavit,

341 483 402 515 Ubi
427 483 540 514 mundo
565 483 691 521 speculo

385 529 513 560 Lectum
537 529 747 566 praeparavit.

282 613 312 643 2.
339 611 423 642 Caeli
446 611 579 642 Domino
604 611 732 641 servivit

380 657 493 695 Ioseph
516 657 548 687 in
574 656 703 695 laetitia,

337 702 428 734 Cuius
451 703 569 741 prolem
595 703 692 734 Deum
719 703 809 734 scivit

383 749 509 788 Integra
531 747 654 780 fiducia.

283 830 313 862 3.
339 829 402 860 Iste
426 829 485 860 Dei
509 830 638 869 gloriam

380 875 467 906 Vidit
491 879 521 906 et
545 876 700 915 virtutem,

335 921 427 953 Cuius
450 922 519 960 ipse
541 920 684 952 floridam

381 968 472 998 Pavit
493 968 692 1000 iuventutem.

279 1050 310 1081 4.
336 1049 442 1080 Sancti
465 1049 640 1081 benedicite

381 1095 514 1126 Domino
539 1097 570 1125 et
594 1095 735 1134 humiles,

335 1141 428 1178 Quem
452 1143 596 1179 parentes
622 1141 754 1172 caelibes

382 1187 454 1218 Vita
477 1189 588 1217 sonent
612 1187 737 1226 pariles.

280 1270 309 1299 5.
334 1269 457 1300 Laudet
478 1269 540 1299 iam
565 1268 774 1301 christiferum

379 1315 491 1353 Ioseph
515 1315 605 1354 plebs
629 1314 741 1354 fidelis,

336 1359 393 1397 Qui
416 1360 545 1391 nutrivit
567 1369 696 1399 puerum

380 1405 544 1437 Dominum
567 1407 600 1437 in
625 1407 728 1438 caelis.

1120 223 1164 249 Ad
1184 223 1364 250 Benedictus.

934 280 972 311 A.
1004 279 1103 311 Nobis
1127 289 1224 312 cornu
1247 280 1319 311 dum
1344 278 1453 309 salutis

1050 325 1201 357 Dominus
1227 326 1335 364 erexit,

1004 372 1053 403 De
1078 373 1168 403 domo
1193 372 1297 403 David
1322 370 1445 402 virtutis

1051 418 1106 449 Vir
1130 419 1253 450 Iesseus
1276 417 1421 455 surrexit,

1004 464 1138 495 Servans
1158 465 1244 496 Iesse
1269 464 1433 503 virgulam,

1003 510 1107 541 Floris
1132 510 1204 541 novi
1228 511 1376 550 gerulam,

1008 556 1065 588 Cui
1090 557 1136 587 sic
1159 557 1325 587 sanctitate

1049 602 1185 634 Servivit
1210 605 1241 633 et
1264 603 1393 641 iustitia,

1002 648 1090 686 Quod
1116 648 1240 679 divinae
1264 649 1362 687 prolis
1387 651 1479 679 natae

1000 694 1127 733 Integra
1152 694 1331 733 virginitate

1000 740 1061 771 Illa
1085 740 1205 779 matris,
1230 741 1283 771 isti
1308 741 1408 779 patris

1046 787 1176 818 Praeest
1201 786 1370 826 diligentia.

1068 916 1112 946 In
1138 917 1168 947 2.
1197 915 1303 954 Vesp
1316 916 1410 947 eris.

1117 988 1162 1015 Ad
1184 988 1361 1024 Magnificat.

962 1069 967 1076 .
997 1043 1181 1084 Magnifieat
1204 1044 1370 1075 Dominum

1046 1089 1153 1121 Sancti
1176 1091 1289 1130 Ioseph
1315 1091 1426 1130 anima,

1001 1135 1058 1173 Qui
1083 1137 1214 1167 salutem
1239 1137 1398 1168 hominum

1046 1181 1127 1213 Cura
1151 1181 1231 1213 fovit
1251 1183 1396 1222 maxima,

1000 1227 1080 1258 Nam
1104 1226 1136 1258 in
1160 1231 1269 1259 ventre
1293 1230 1401 1261 matris
1426 1230 1487 1261 iste

999 1273 1177 1306 Nazaraeus
1201 1274 1269 1314 tibi,
1297 1275 1430 1315 Christe,

1001 1319 1208 1352 Consecratur
1232 1325 1263 1352 et
1283 1324 1419 1361 notatur,

998 1365 1093 1403 Quem
1118 1374 1176 1397 nec
1199 1370 1299 1398 mater
1324 1368 1485 1407 virginalis

998 1412 1133 1442 Horreat
1156 1421 1214 1443 nce
1238 1422 1316 1453 puer
1340 1414 1422 1446 talis.

339 1505 421 1531 Brev.
454 1514 504 1532 ms.
530 1506 763 1541 Pedepontanum
795 1511 862 1536 anni
891 1507 970 1537 1398.
1018 1511 1084 1539 Cod.
1111 1513 1239 1540 Meliten.
1266 1514 1387 1551 Pragen.
1420 1514 1446 1543 8.
1477 1517 1540 1543 add.

264 1548 337 1567 saec.
360 1539 402 1568 15.
426 1542 459 1569 A.
489 1556 524 1560 —-
550 1543 631 1570 Brev.
657 1552 707 1570 ms.
729 1545 892 1574 Parisiense
918 1556 991 1575 saec.
1017 1547 1057 1575 15.
1097 1549 1164 1577 Cod.
1191 1551 1315 1578 Parisin.
1345 1550 1425 1579 1051.
1445 1554 1476 1580 Β.
1506 1568 1539 1572 —

264 1577 345 1604 Brev.
375 1587 425 1605 ms.
451 1579 615 1607 Turonense
644 1588 716 1607 saee-
739 1580 781 1608 15.
828 1582 896 1610 Cod.
922 1585 1064 1612 Turonen.
1093 1585 1230 1614 147—48.
1260 1587 1289 1614 C.
1316 1604 1351 1608 —
1379 1591 1461 1617 BreV.
1487 1600 1539 1618 ms.

266 1613 294 1641 S.
314 1614 454 1642 Adeodati
480 1624 552 1643 saec.
576 1615 617 1643 16.
658 1617 728 1644 Clm.
748 1619 896 1647 Monacen.
926 1620 1029 1649 10909.
1050 1623 1086 1649 D.
1116 1638 1146 1641 —
1176 1625 1258 1651 Brev.
1278 1626 1447 1654 Turonense
1467 1629 1536 1664 imp.

267 1650 384 1678 Parisiis
409 1650 488 1679 1522.
508 1653 543 1679 Ε.
564 1669 600 1673 -——
618 1654 701 1681 Brev.
723 1655 941 1684 Carmelitarum
962 1660 1027 1693 imp.
1048 1660 1179 1688 Venetiis
1203 1660 1282 1688 1579.
1302 1663 1334 1689 F.

336 1707 377 1732 In
405 1705 428 1733 1.
453 1708 552 1734 Noct.
574 1706 594 1732 R
621 1707 645 1742 2,
670 1707 683 1735 1
709 1713 825 1737 vocaret
843 1712 878 1738 D.
908 1726 939 1730 —
969 1711 989 1738 R
1018 1712 1034 1739 2
1062 1715 1120 1741 und
1148 1714 1166 1743 3
1190 1718 1356 1751 umgestellt
1373 1719 1410 1746 D.
1438 1735 1473 1738 —
1499 1721 1540 1747 In

263 1740 288 1768 2.
309 1743 405 1769 Noet.
428 1741 447 1768 R
469 1741 493 1776 1,
514 1741 531 1770 3
551 1745 658 1771 saeculi
677 1746 710 1772 A.
742 1761 779 1765 -—
802 1748 842 1774 In
861 1746 886 1776 3.
907 1750 1007 1776 Noct.
1029 1750 1050 1776 Α
1071 1752 1097 1785 3,
1118 1750 1135 1779 3
1157 1753 1222 1780 edat
1246 1755 1365 1782 canibus
1385 1756 1419 1783 A.
1495 1758 1539 1785 In

263 1779 369 1805 Laud.
395 1779 439 1805 Ad
464 1780 568 1807 Bened.
597 1780 631 1814 Α,
652 1780 669 1807 2
689 1783 807 1810 Domini
826 1784 859 1811 B.
889 1801 924 1805 —
954 1787 1026 1814 Ibid.
1048 1786 1065 1815 3
1090 1790 1136 1816 vir
1160 1791 1277 1818 virtutis
1297 1792 1330 1819 A.
1361 1807 1397 1811 —
1426 1794 1502 1822 Ibid.
1521 1794 1540 1822 4

263 1815 375 1842 Iesseus
389 1818 463 1843 rexit
476 1818 506 1844 B.
526 1832 562 1836 -
581 1818 654 1845 Ibid.
672 1817 689 1846 8
704 1822 732 1847 et
744 1821 894 1855 prudentia
906 1823 938 1849 B.
964 1838 994 1842 —
1016 1825 1089 1852 Ibid.
1105 1824 1121 1853 9
1133 1827 1174 1853 Et
1186 1827 1301 1856 divinae
1315 1830 1350 1864 B;
1366 1831 1439 1865 proli
1454 1832 1488 1858 A.
1504 1847 1539 1851 —

263 1852 409 1886 Hymnen:
434 1854 468 1880 In
494 1854 594 1890 Vespa
620 1855 820 1884 Collaudemus
846 1861 905 1887 toto
926 1861 1009 1889 corde
1028 1861 1120 1896 (Anal.
1141 1865 1250 1898 XXIII,
1271 1864 1350 1901 212„
1378 1869 1409 1894 in
1432 1869 1538 1896 Laud.:

262 1889 349 1916 Festa
367 1892 515 1917 nutritoris
535 1892 601 1918 Iesu
617 1891 709 1926 (Anal.
729 1895 838 1928 xxm,
859 1894 931 1931 213).

313 1982 318 1987 Ι
336 1945 397 1987 ,Εἰη
421 1947 607 1988 vereinzeltes
626 1947 850 1984 Responsorium
876 1952 1120 1982 humanistischen
1140 1956 1285 1994 sepi-ages
1311 1961 1363 1987 auf
1383 1961 1539 1990 denselben

263 1981 399 2015 Heihgen
419 1982 507 2009 bietet
525 1983 640 2019 Antiph.
660 1994 711 2012 ms.
732 1987 896 2016 Hilariense
914 1990 949 2016 V.
969 1999 1036 2018 vom
1056 1992 1141 2020 Iahre
1163 1992 1247 2021 1632:

427 2038 460 2064 R.
483 2037 607 2065 Il1ustris
627 2042 791 2074 patriarcha
808 2043 920 2079 Ioseph,
942 2046 1038 2073 David
1058 2047 1118 2074 alta
1136 2057 1273 2084 propago,

482 2074 619 2109 Virgineo
640 2077 790 2111 splendore
809 2082 917 2109 micans
939 2086 1092 2119 custosque
1111 2085 1230 2120 Mariae,

481 2111 575 2138 Testis
596 2114 719 2148 virginei
738 2119 837 2151 partus
858 2116 1020 2155 Christique
1039 2123 1171 2155 nutritor,

484 2147 602 2175 Conseie
622 2153 757 2186 mysterii,
778 2154 853 2189 quod
872 2157 1019 2184 nescivere
1038 2159 1136 2193 priora

483 2183 611 2219 Saecula,
632 2189 665 2213 tu
683 2191 772 2222 patris
793 2193 901 2218 aeterni
920 2195 1038 2221 verbum
1059 2203 1123 2222 caro
1143 2197 1249 2225 factum

483 2221 609 2249 Gestasti
627 2226 767 2260 manibus,
788 2228 899 2264 tibique
918 2231 1050 2259 subditus
1069 2233 1144 2260 ultro

483 2258 625 2293 Dignatus
644 2260 714 2296 fieri,
733 2267 805 2291 nutu
825 2267 875 2301 qui
895 2268 1034 2302 temperat
1053 2270 1165 2304 orbem3

427 2294 461 2321 V.
485 2296 670 2339 Quaesumus,
694 2300 824 2329 intendas
844 2304 974 2338 precibus
994 2306 1171 2342 miserosque
1189 2309 1313 2346 benigne

482 2332 596 2368 Inspice
614 2343 666 2362 nos
687 2338 786 2372 oculis,
807 2347 877 2374 quos
899 2343 945 2368 tot
964 2342 1131 2371 discrimina
1150 2347 1275 2375 turbant.
