1650 2542
724 126 954 160 -40-

935 218 1016 249 Dum
1041 217 1181 249 bravium
1207 216 1323 255 accipit.

978 264 1039 296 Dei
1061 263 1246 302 miserentis,

934 310 1048 342 Beatus
1072 310 1237 343 Florianus

979 357 1068 388 nobis
1092 357 1184 387 tarde
1208 354 1404 386 currentibus

933 403 1049 434 Tamen
1074 402 1144 445 fide,

979 458 1036 489 spe
1059 448 1269 486 tendentibus,

933 496 984 527 Ad
1013 504 1141 534 regnum
1164 494 1381 533 perveniamus

978 542 1209 580 sempiternum,

934 588 1102 620 Succurrat
1116 596 1198 618 nune
1215 587 1289 617 etin
1304 587 1473 617 aeternum.

334 233 379 264 In
403 233 435 264 2.
460 230 674 270 VesperiS.

391 331 436 358 Ad
454 330 628 366 Magnificat.

202 409 240 441 A.
270 407 321 439 Ad
346 415 507 446 vesperam
531 407 612 438 vitae
635 405 784 443 mortalis,

271 457 355 491 Quae
377 453 506 484 lucescit

316 500 349 530 in
377 499 513 538 requiem
537 497 651 529 sanetis

270 546 321 577 Ad
346 544 436 576 finem
464 553 570 575 cursus

316 591 409 621 stadii
432 590 614 629 praesentis,

275 681 357 708 Brev-
382 689 433 707 ms.
462 680 491 707 S.
518 680 646 707 Floriani
670 679 713 706 XI
734 676 798 705 490.
823 686 897 705 saec.
919 676 962 705 15.
985 678 1019 704 A.
1046 693 1080 698 —
1104 679 1187 705 Brev.
1214 686 1265 705 ms.
1291 677 1319 704 S.
1344 677 1473 703 Floriani

200 718 243 745 XI
265 716 329 745 472..
361 726 434 745 saec.
459 716 501 744 15.
527 717 559 743 Β.
589 731 626 735 —
655 717 737 743 Brev.
769 724 820 742 ms.
847 715 876 742 S.
900 716 1031 742 Floriani
1051 715 1095 742 XI
1117 713 1182 741 429.
1208 722 1282 741 saec.
1311 712 1353 741 15.
1381 714 1411 740 C.
1439 727 1473 732 —

201 755 335 789 Hymnen
359 756 390 781 in
408 755 508 789 Vespa
538 754 702 781 Gratilletur
722 752 842 780 ecelesia
860 751 962 783 (Morel
981 750 1059 785 229),
1084 752 1119 778 ad
1139 752 1236 778 Noch:
1268 752 1358 778 Lacte
1380 751 1475 777 colant

202 792 357 819 Christiani
376 792 472 824 (Mono
491 791 541 818 ΙΙΙ.
562 788 639 824 302);
667 790 703 817 ad
722 789 826 817 Lauda
851 789 943 825 Saepe
963 792 1070 823 martyr
1088 789 1265 820 verberatus,
1290 788 1404 814 Divisio
1426 787 1475 813 dos

200 830 317 864 vorigen
337 827 432 859 (Mune
451 829 471 854 1.
492 830 534 860 (ῃ).

620 970 646 1001 11
657 971 684 1001 b.
713 970 756 1000 De
776 971 879 1001 saneto
899 970 1051 1002 Floriano.

338 1050 383 1081 1n
410 1049 439 1083 1.
464 1050 570 1087 Vesp
583 1049 675 1080 eris.

385 1130 428 1158 Ad
447 1129 622 1165 Magnifie‘zt.

199 1197 237 1229 A.
268 1197 375 1228 Palma
401 1196 492 1235 digne
515 1196 704 1234 triumphali,

270 1242 360 1281 Veni,
385 1245 513 1280 martyr,
539 1242 676 1272 lauream

270 1288 366 1319 Flore
389 1296 460 1319 rosa
483 1288 655 1326 saginatam

270 1335 314 1366 Et
338 1334 473 1365 candore
497 1333 670 1364 dealbatam

270 1381 406 1411 Primam
427 1380 537 1410 stolam
562 1381 677 1419 accipe,

270 1426 464 1458 Advocatum
488 1428 519 1456 te
543 1426 699 1457 caelorum

268 1473 465 1504 Inoessanter
488 1472 663 1510 angelorum

271 1518 443 1550 Coneentus
466 1517 651 1557 magnificat.

329 1656 389 1687 Ad
412 1656 672 1688 Matutinum.

397 1738 604 1764 Invitaterium.

268 1804 346 1843 Regi
369 1812 474 1843 regum
498 1804 709 1846 iueundemur,

266 1849 413 1881 Floriano
438 1850 643 1891 gratulemur3

265 1896 310 1926 Te
333 1896 456 1928 beatum
483 1897 621 1939 dicimus,

265 1942 335 1973 Tibi
359 1943 434 1973 laeti
457 1943 604 1976 canimus,

322 2071 363 2102 In
391 2071 422 2104 1.
448 2071 503 2102 No
514 2074 670 2105 cturno.

404 2144 577 2179 Antiphona.

262 2202 324 2233 Hic
348 2211 429 2234 vana
451 2204 555 2233 terrae
576 2202 690 2241 gaudia

263 2249 307 2280 Et
329 2248 486 2279 luculenta
509 2249 648 2288 praedia,

264 2296 388 2327 Patrem
412 2295 553 2334 linquens
579 2303 647 2326 eum
670 2297 774 2334 patria

262 2342 379 2374 Norica
401 2342 480 2380 petit
502 2342 618 2374 limina.

1061 1048 1264 1082 Responsoria.

877 1103 905 1134 1.
931 1103 1088 1135 Funditur
1110 1103 1277 1134 insontium

979 1149 1108 1189 Sanguis
1133 1159 1153 1181 a
1174 1148 1325 1189 profanis,

931 1196 1071 1235 Aquilini
1098 1196 1196 1235 rabie,

977 1242 1136 1273 Praesidis
1161 1242 1312 1285 immanis⁷

933 1287 1050 1319 Caedes
1076 1291 1105 1319 et
1131 1288 1258 1319 exitium

977 1335 1079 1366 Instat
1103 1335 1299 1367 Christianis,

862 1380 898 1412 V.
929 1380 1035 1411 Saevit
1058 1381 1191 1420 ripensis
1214 1380 1342 1420 Norica,

928 1426 1029 1457 Enses
1051 1427 1195 1468 intentat,
1223 1427 1346 1458 vincula

977 1473 1059 1504 Vera
1079 1472 1144 1504 fide
1167 1473 1262 1507 sanis,

873 1539 904 1570 2.
930 1537 1047 1576 Optans
1073 1537 1142 1569 fore
1165 1538 1266 1570 socius

977 1584 1086 1616 Gloria
1110 1585 1273 1623 victorum,

930 1630 970 1661 Se
993 1630 1093 1668 iungit
1115 1631 1275 1669 intrepide

975 1676 1099 1707 Turbae
1120 1677 1301 1715 impiorum:

928 1722 1038 1753 Vestro
1063 1731 1112 1753 me
1135 1723 1283 1754 adducite

974 1768 1053 1808 Regi
1075 1769 1259 1808 iniquorum.

862 1815 896 1848 V.
926 1815 993 1846 Deo
1016 1823 1084 1846 meo
1109 1816 1221 1857 servio,

927 1861 1023 1892 Nulla
1046 1862 1135 1892 miles
1158 1863 1252 1894 timeo

973 1908 1091 1947 Flagra
1114 1911 1347 1943 tormentorum.

870 1974 900 2005 3.
925 1973 1001 2004 Mox
1023 1975 1060 2003 ut
1082 1973 1218 2004 vinctum
1243 1974 1377 2005 tradidit

974 2019 1067 2050 Miles
1090 2019 1253 2058 Aquilino:

926 2065 1068 2104 Praeses,
1092 2066 1197 2104 inquit
1219 2066 1321 2099 animo

972 2112 1047 2144 Plus
1071 2120 1162 2151 quam
1186 2112 1325 2152 heroino,

927 2157 1022 2197 Scito,
1051 2158 1158 2196 palam
1181 2159 1301 2191 numini

971 2204 1079 2235 Servio
1105 2204 1228 2244 divin03

856 2251 895 2284 V.
926 2251 1031 2282 Iovem
1059 2252 1143 2281 tuum
1169 2251 1297 2295 abnego,

926 2297 1011 2327 Tura
1035 2296 1093 2327 diis
1117 2305 1240 2339 respuo,

970 2342 1037 2374 Deo
1061 2344 1132 2375 vivo
1156 2344 1249 2379 trino.
