1650 2542
739 151 900 185 —206
949 169 992 173 —

250 251 279 281 3.
305 249 388 279 Rosa
412 248 451 279 de
474 248 564 287 spina
585 245 706 286 legitur,

303 294 352 325 De
375 293 455 324 nube
479 294 525 325 sol
550 291 693 331 dirigitur

305 340 386 370 Dum
411 340 497 379 virgo
520 341 639 376 martyr
664 337 804 369 caeditur

303 385 347 417 Et
368 386 492 418 Christo
517 392 629 424 sponso
653 383 799 423 iungitur.

438 484 638 519 Responsoria.

247 551 276 583 1.
298 550 395 589 Virgo
420 549 527 588 poenis

349 604 437 626 caesa
459 595 628 626 innumeris

300 641 492 672 Decollanda

345 687 446 726 pergit
469 687 624 724 alacriter,

298 734 374 765 Post
396 733 584 772 triumphum

347 778 407 810 diri
436 779 610 809 certaminis

303 824 388 856 Caeli
414 825 496 856 cives

347 869 429 901 facta
457 871 653 911 perenniter;

232 915 264 946 V.
299 916 404 948 Lactis
428 917 512 948 unda

346 962 416 994 fusa
438 971 496 1001 pro
520 963 669 1001 sanguine

299 1008 462 1039 Beatorum

347 1057 455 1093 regnat
477 1054 508 1085 in
533 1054 663 1093 agmine.

245 1109 274 1139 2.
301 1108 375 1139 Sina
398 1109 510 1139 montis

347 1154 407 1184 sita
428 1154 459 1185 in
487 1155 626 1194 culmine,

302 1199 395 1231 Sacer
418 1200 520 1239 liquor

346 1249 452 1277 manat
475 1255 512 1277 ex
536 1247 662 1288 tumulo,

301 1291 392 1323 Unde
415 1292 526 1323 multos

345 1338 397 1376 pio
421 1338 574 1369 iuvamine

299 1382 395 1413 Sanat.
416 1383 504 1423 virgo

346 1429 454 1459 salutis
477 1429 598 1467 poculo,

301 1474 353 1505 Sic
375 1474 466 1505 beata

345 1529 399 1551 suo
425 1521 592 1551 certamine

297 1566 387 1597 Dona
410 1569 551 1605 praestat

344 1613 485 1650 peccanti
509 1613 642 1652 populo3

229 1657 267 1690 V.
297 1655 488 1689 Venerantes

344 1706 428 1734 tuam
451 1704 628 1735 memoriam

298 1749 398 1780 Audis
421 1750 475 1789 pia

344 1798 376 1825 et
398 1795 530 1834 praebes
554 1796 694 1835 gratiam.

240 1849 271 1881 3.
297 1849 321 1881 O
345 1852 495 1889 matrona,

344 1895 429 1926 cuius
454 1897 568 1928 auxilio

298 1941 469 1972 Sanitatum

345 1988 458 2018 dantur
481 1989 605 2028 solacia,

298 2032 388 2063 Nunc
413 2034 531 2065 devotis

346 2079 428 2110 dulci
451 2081 608 2117 praesidio

297 2124 347 2156 Da
371 2123 469 2155 foveri

345 2171 450 2202 divina
473 2172 582 2211 gratia,

298 2218 343 2250 Ut
365 2219 521 2249 transacto

342 2263 425 2294 tristi
450 2264 557 2295 exsilio

297 2308 499 2341 Perfruamur

343 2355 436 2387 beata
459 2356 566 2396 gloria.

894 244 932 275 V.
964 243 1060 282 Opem
1085 241 1145 272 iam
1171 250 1243 282 pro-

1011 289 1137 321 missam
1164 288 1203 319 de
1226 286 1358 327 superis,

964 335 1010 366 Te
1033 343 1206 375 precamur,
1261 366 1272 378 ο

1010 381 1126 420 largire
1148 380 1282 411 miseris.

1054 492 1070 523 Ι
1079 501 1099 522 n
1123 491 1151 523 L
1160 499 1205 522 au
1215 491 1234 522 d
1243 491 1254 521 i
1263 490 1283 521 b
1293 499 1313 521 u
1322 499 1347 523 S.

1104 563 1295 598 Antiphonae.

929 648 935 654 .
963 621 1162 653 Celebremus
1186 628 1253 651 cnm
1279 618 1377 649 iubilo

1007 667 1098 698 Diem
1123 667 1229 697 tantae
1251 664 1399 705 laetitiae,

961 714 1055 752 Virgo
1082 713 1120 744 de
1145 712 1248 743 carnis
1271 711 1378 742 nubilo

1005 759 1125 798 Migrat
1147 759 1187 790 ad
1211 758 1355 788 thronum
1374 756 1502 796 gloriae.

905 821 935 846 ⁶.
964 815 1039 846 Post
1061 814 1196 853 plurima
1221 812 1376 851 supplicia

1006 860 1179 899 Iugulanda
1211 859 1381 890 crudeliter

962 906 1140 938 Praestanti
1163 904 1315 937 beneficia

1008 952 1131 984 Laudes
1156 952 1250 984 solvit
1274 951 1431 984 alacriter.

927 1032 935 1038 .
959 1007 1155 1046 Exspectans
1180 1007 1303 1046 palmae
1325 1006 1463 1045 gladium

1008 1053 1100 1084 Caelo
1127 1053 1225 1085 locari
1248 1053 1395 1092 postulat,

961 1099 1141 1131 Colentibus
1165 1099 1348 1138 martyrium

1008 1145 1105 1184 Opem
1132 1146 1170 1177 de
1195 1145 1289 1176 caelis
1312 1145 1470 1183 impetrat.

929 1225 936 1232 .
959 1201 1029 1231 Vox
1055 1201 1094 1231 de
1117 1200 1259 1239 supernis
1282 1199 1432 1230 mittitur:

1007 1246 1095 1288 Veni,
1124 1246 1247 1283 dilecta,
1273 1254 1420 1285 propera,

961 1292 1110 1323 Thalamo
1135 1292 1242 1331 sponsi
1265 1292 1395 1329 sistitur,

1007 1337 1070 1369 Ubi
1095 1341 1168 1369 sunt
1191 1340 1302 1369 cuncta
1325 1346 1487 1378 prospera.

929 1418 936 1425 .
962 1393 1008 1424 Te
1032 1396 1215 1424 venerantes
1240 1393 1335 1424 hodie

1007 1439 1189 1470 Devotionis
1212 1439 1359 1470 laudibus

962 1484 1079 1516 Christi
1104 1486 1285 1517 commenda
1310 1485 1439 1527 gratiae,

1007 1531 1052 1563 Ut
1077 1531 1130 1562 det
1153 1530 1216 1562 frui
1242 1532 1437 1565 caelestibus

1071 1603 1116 1630 Ad
1138 1604 1319 1631 Benedictus.

924 1683 931 1691 .
961 1660 985 1691 O
1011 1669 1083 1691 rosa
1106 1660 1220 1691 rubens

1009 1714 1119 1736 cruore
1141 1706 1286 1745 martyrii

963 1751 1166 1791 Candensque
1189 1752 1289 1783 lilium

1008 1806 1119 1836 expers
1143 1799 1287 1838 contagii,

960 1844 1008 1875 Tu
1031 1853 1164 1883 namque
1186 1846 1336 1885 magistra

1005 1890 1105 1921 sancti
1129 1891 1249 1922 consilii

959 1936 1003 1967 Es
1028 1935 1112 1968 facta
1137 1946 1263 1969 consors

1006 1983 1104 2015 divini
1127 1984 1284 2015 consortii.

1029 2094 1074 2125 In
1100 2095 1131 2125 2.
1157 2094 1368 2133 Vesperis.

1075 2165 1118 2192 Ad
1138 2166 1315 2201 Magnificat.

922 2246 928 2252 .
959 2221 1113 2260 Splendor
1135 2223 1257 2263 mentis,

1008 2268 1100 2299 decor
1124 2269 1306 2310 munditiae,

959 2314 1073 2345 Tortor
1097 2315 1239 2354 caedens,

1006 2358 1063 2391 fios
1088 2361 1291 2406 eloquentiae,
