<?xml version="1.0" encoding="UTF-8"?>
<!DOCTYPE html PUBLIC "-//W3C//DTD XHTML 1.0 Transitional//EN"
    "http://www.w3.org/TR/xhtml1/DTD/xhtml1-transitional.dtd">
<html xmlns="http://www.w3.org/1999/xhtml" xml:lang="en" lang="en">
 <head>
  <title>
</title>
<meta http-equiv="Content-Type" content="text/html;charset=utf-8" />
  <meta name='ocr-system' content='tesseract 3.04.00' />
  <meta name='ocr-capabilities' content='ocr_page ocr_carea ocr_par ocr_line ocrx_word'/>
</head>
<body>
  <div class='ocr_page' id='page_1' title='image "./analectahymnica26drevuoft_00284.png"; bbox 0 0 1651 2544; ppageno 0'>
   <div class='ocr_carea' id='block_1_1' title="bbox 267 248 748 387">
    <p class='ocr_par' dir='ltr' id='par_1_1' title="bbox 267 248 748 387">
     <span class='ocr_line' id='line_1_1' title="bbox 267 248 653 296; baseline 0.031 -18"><span class='ocrx_word' id='word_1_1' title='bbox 267 248 346 280; x_wconf 81' lang='lat' dir='ltr'>Eam</span> <span class='ocrx_word' id='word_1_2' title='bbox 370 251 404 283; x_wconf 91' lang='lat' dir='ltr'>in</span> <span class='ocrx_word' id='word_1_3' title='bbox 430 253 510 286; x_wconf 88' lang='lat' dir='ltr'>dono</span> <span class='ocrx_word' id='word_1_4' title='bbox 535 258 653 296; x_wconf 85' lang='lat' dir='ltr'>gloriae</span> 
     </span>
     <span class='ocr_line' id='line_1_2' title="bbox 267 294 748 344; baseline 0.031 -20"><span class='ocrx_word' id='word_1_5' title='bbox 267 294 328 326; x_wconf 87' lang='lat' dir='ltr'>Per</span> <span class='ocrx_word' id='word_1_6' title='bbox 352 298 433 329; x_wconf 89' lang='lat' dir='ltr'>viam</span> <span class='ocrx_word' id='word_1_7' title='bbox 458 303 545 339; x_wconf 85' lang='lat' dir='ltr'>pacis</span> <span class='ocrx_word' id='word_1_8' title='bbox 575 307 606 335; x_wconf 83' lang='lat' dir='ltr'>et</span> <span class='ocrx_word' id='word_1_9' title='bbox 628 308 748 344; x_wconf 80' lang='lat' dir='ltr'>gratiae</span> 
     </span>
     <span class='ocr_line' id='line_1_3' title="bbox 312 341 639 387; baseline 0.031 -15"><span class='ocrx_word' id='word_1_10' title='bbox 312 341 462 377; x_wconf 89' lang='lat' dir='ltr'>Feliciter</span> <span class='ocrx_word' id='word_1_11' title='bbox 485 351 639 387; x_wconf 79' lang='lat' dir='ltr'>provexit.</span> 
     </span>
    </p>
   </div>
   <div class='ocr_carea' id='block_1_2' title="bbox 329 440 672 558">
    <p class='ocr_par' dir='ltr' id='par_1_2' title="bbox 329 440 672 558">
     <span class='ocr_line' id='line_1_4' title="bbox 329 440 672 489; baseline 0.029 -14"><span class='ocrx_word' id='word_1_12' title='bbox 329 440 374 475; x_wconf 83' lang='lat' dir='ltr'>1n</span> <span class='ocrx_word' id='word_1_13' title='bbox 400 448 430 479; x_wconf 83' lang='lat'>2.</span> <span class='ocrx_word' id='word_1_14' title='bbox 456 449 672 489; x_wconf 80' lang='lat' dir='ltr'>vesperis.</span> 
     </span>
     <span class='ocr_line' id='line_1_5' title="bbox 379 519 619 558; baseline 0.025 -13"><span class='ocrx_word' id='word_1_15' title='bbox 379 519 425 546; x_wconf 78' lang='lat' dir='ltr'>Ad</span> <span class='ocrx_word' id='word_1_16' title='bbox 442 521 619 558; x_wconf 81' lang='lat' dir='ltr'>Magnificat.</span> 
     </span>
    </p>
   </div>
   <div class='ocr_carea' id='block_1_3' title="bbox 190 571 700 614">
    <p class='ocr_par' dir='ltr' id='par_1_3' title="bbox 190 571 700 614">
     <span class='ocr_line' id='line_1_6' title="bbox 190 571 700 614; baseline 0.024 -12"><span class='ocrx_word' id='word_1_17' title='bbox 190 571 230 603; x_wconf 92' lang='lat' dir='ltr'>A.</span> <span class='ocrx_word' id='word_1_18' title='bbox 260 573 442 613; x_wconf 80' lang='lat' dir='ltr'>Magnificet</span> <span class='ocrx_word' id='word_1_19' title='bbox 465 587 526 610; x_wconf 84' lang='lat' dir='ltr'>vox</span> <span class='ocrx_word' id='word_1_20' title='bbox 551 581 700 614; x_wconf 84' lang='lat' dir='ltr'>echesiae</span> 
     </span>
    </p>
   </div>
   <div class='ocr_carea' id='block_1_4' title="bbox 260 619 763 670">
    <p class='ocr_par' dir='ltr' id='par_1_4' title="bbox 260 619 763 670">
     <span class='ocr_line' id='line_1_7' title="bbox 260 619 763 670; baseline 0.026 -20"><span class='ocrx_word' id='word_1_21' title='bbox 260 619 306 650; x_wconf 88' lang='lat' dir='ltr'>Te</span> <span class='ocrx_word' id='word_1_22' title='bbox 329 621 493 655; x_wconf 88' lang='lat' dir='ltr'>Dominum</span> <span class='ocrx_word' id='word_1_23' title='bbox 520 627 763 670; x_wconf 80' lang='lat' dir='ltr'>misericordiae,</span> 
     </span>
    </p>
   </div>
   <div class='ocr_carea' id='block_1_5' title="bbox 930 268 1426 680">
    <p class='ocr_par' dir='ltr' id='par_1_5' title="bbox 930 268 1426 680">
     <span class='ocr_line' id='line_1_8' title="bbox 936 268 1348 309; baseline 0.024 -12"><span class='ocrx_word' id='word_1_24' title='bbox 936 268 994 305; x_wconf 77' lang='lat' dir='ltr'>Qui</span> <span class='ocrx_word' id='word_1_25' title='bbox 1019 269 1229 309; x_wconf 80' lang='lat' dir='ltr'>Margarctam</span> <span class='ocrx_word' id='word_1_26' title='bbox 1254 275 1348 307; x_wconf 88' lang='lat' dir='ltr'>hodie</span> 
     </span>
     <span class='ocr_line' id='line_1_9' title="bbox 936 313 1237 350; baseline 0.02 -6"><span class='ocrx_word' id='word_1_27' title='bbox 936 313 1030 346; x_wconf 83' lang='lat' dir='ltr'>Oculo</span> <span class='ocrx_word' id='word_1_28' title='bbox 1057 316 1237 350; x_wconf 85' lang='lat' dir='ltr'>clementiae</span> 
     </span>
     <span class='ocr_line' id='line_1_10' title="bbox 979 361 1234 404; baseline 0.016 -13"><span class='ocrx_word' id='word_1_29' title='bbox 979 361 1035 392; x_wconf 86' lang='lat' dir='ltr'>Pie</span> <span class='ocrx_word' id='word_1_30' title='bbox 1060 365 1234 404; x_wconf 83' lang='lat' dir='ltr'>respexisti,</span> 
     </span>
     <span class='ocr_line' id='line_1_11' title="bbox 932 406 1320 449; baseline 0.023 -14"><span class='ocrx_word' id='word_1_31' title='bbox 932 406 1129 441; x_wconf 84' lang='lat' dir='ltr'>Incentorem</span> <span class='ocrx_word' id='word_1_32' title='bbox 1154 412 1320 449; x_wconf 88' lang='lat' dir='ltr'>superbiae</span> 
     </span>
     <span class='ocr_line' id='line_1_12' title="bbox 932 451 1248 495; baseline 0.019 -13"><span class='ocrx_word' id='word_1_33' title='bbox 932 451 1066 485; x_wconf 79' lang='lat' dir='ltr'>Brachio</span> <span class='ocrx_word' id='word_1_34' title='bbox 1090 458 1248 495; x_wconf 84' lang='lat' dir='ltr'>potentiae</span> 
     </span>
     <span class='ocr_line' id='line_1_13' title="bbox 977 500 1245 544; baseline 0.019 -15"><span class='ocrx_word' id='word_1_35' title='bbox 977 500 1110 532; x_wconf 83' lang='lat' dir='ltr'>Vincere</span> <span class='ocrx_word' id='word_1_36' title='bbox 1133 501 1245 544; x_wconf 84' lang='lat' dir='ltr'>fecisti,</span> 
     </span>
     <span class='ocr_line' id='line_1_14' title="bbox 931 545 1373 590; baseline 0.02 -16"><span class='ocrx_word' id='word_1_37' title='bbox 931 545 1041 585; x_wconf 88' lang='lat' dir='ltr'>Huius,</span> <span class='ocrx_word' id='word_1_38' title='bbox 1071 547 1202 588; x_wconf 77' lang='lat' dir='ltr'>Christe,</span> <span class='ocrx_word' id='word_1_39' title='bbox 1227 551 1373 590; x_wconf 84' lang='lat' dir='ltr'>precibus</span> 
     </span>
     <span class='ocr_line' id='line_1_15' title="bbox 976 592 1319 628; baseline 0.017 -6"><span class='ocrx_word' id='word_1_40' title='bbox 976 592 1014 623; x_wconf 90' lang='lat' dir='ltr'>In</span> <span class='ocrx_word' id='word_1_41' title='bbox 1038 594 1140 625; x_wconf 87' lang='lat' dir='ltr'>stadio</span> <span class='ocrx_word' id='word_1_42' title='bbox 1167 599 1319 628; x_wconf 76' lang='lat' dir='ltr'>certantes</span> 
     </span>
     <span class='ocr_line' id='line_1_16' title="bbox 930 636 1426 680; baseline 0.02 -13"><span class='ocrx_word' id='word_1_43' title='bbox 930 636 995 668; x_wconf 89' lang='lat' dir='ltr'>Nos</span> <span class='ocrx_word' id='word_1_44' title='bbox 1020 640 1171 680; x_wconf 87' lang='lat' dir='ltr'>coniunge</span> <span class='ocrx_word' id='word_1_45' title='bbox 1194 643 1271 673; x_wconf 80' lang='lat' dir='ltr'>caeli</span> <span class='ocrx_word' id='word_1_46' title='bbox 1298 645 1426 677; x_wconf 90' lang='lat' dir='ltr'>civibus.</span> 
     </span>
    </p>
   </div>
   <div class='ocr_carea' id='block_1_6' title="bbox 187 692 1471 798">
    <p class='ocr_par' dir='ltr' id='par_1_6' title="bbox 187 692 1471 798">
     <span class='ocr_line' id='line_1_17' title="bbox 341 692 1471 736; baseline 0.023 -25"><span class='ocrx_word' id='word_1_47' title='bbox 341 705 347 711; x_wconf 92' lang='lat'><strong>.</strong></span> <span class='ocrx_word' id='word_1_48' title='bbox 413 707 419 712; x_wconf 95' lang='lat'><em>.</em></span> <span class='ocrx_word' id='word_1_49' title='bbox 459 692 635 724; x_wconf 82' lang='lat' dir='ltr'>ugustinian.</span> <span class='ocrx_word' id='word_1_50' title='bbox 656 701 731 721; x_wconf 88' lang='lat' dir='ltr'>saec.</span> <span class='ocrx_word' id='word_1_51' title='bbox 755 693 798 723; x_wconf 80' lang='grc'>15.</span> <span class='ocrx_word' id='word_1_52' title='bbox 833 697 900 725; x_wconf 84' lang='lat' dir='ltr'>Cod.</span> <span class='ocrx_word' id='word_1_53' title='bbox 913 700 1097 729; x_wconf 45' lang='lat' dir='ltr'>Hanoveran,</span> <span class='ocrx_word' id='word_1_54' title='bbox 1118 704 1133 731; x_wconf 88' lang='grc' dir='ltr'>Ι</span> <span class='ocrx_word' id='word_1_55' title='bbox 1153 703 1196 732; x_wconf 89' lang='grc'>90.</span> <span class='ocrx_word' id='word_1_56' title='bbox 1221 720 1225 724; x_wconf 90' lang='grc'>-</span> <span class='ocrx_word' id='word_1_57' title='bbox 1275 708 1315 734; x_wconf 89' lang='lat' dir='ltr'>In</span> <span class='ocrx_word' id='word_1_58' title='bbox 1336 706 1359 734; x_wconf 86' lang='lat'>1.</span> <span class='ocrx_word' id='word_1_59' title='bbox 1373 709 1471 736; x_wconf 87' lang='lat' dir='ltr'>Noct.</span> 
     </span>
     <span class='ocr_line' id='line_1_18' title="bbox 188 717 1471 777; baseline 0.022 -31"><span class='ocrx_word' id='word_1_60' title='bbox 188 717 210 743; x_wconf 91' lang='grc' dir='ltr'>Α</span> <span class='ocrx_word' id='word_1_61' title='bbox 233 719 257 752; x_wconf 84' lang='grc'>1,</span> <span class='ocrx_word' id='word_1_62' title='bbox 281 720 294 748; x_wconf 89' lang='grc'>1</span> <span class='ocrx_word' id='word_1_63' title='bbox 315 726 413 751; x_wconf 80' lang='lat' dir='ltr'>noster</span> <span class='ocrx_word' id='word_1_64' title='bbox 432 725 510 753; x_wconf 86' lang='lat' dir='ltr'>fehlt.</span> <span class='ocrx_word' id='word_1_65' title='bbox 532 743 569 747; x_wconf 89' lang='lat'>—</span> <span class='ocrx_word' id='word_1_66' title='bbox 591 727 610 754; x_wconf 83' lang='lat' dir='ltr'>R</span> <span class='ocrx_word' id='word_1_67' title='bbox 634 728 656 764; x_wconf 90' lang='lat'>1,</span> <span class='ocrx_word' id='word_1_68' title='bbox 678 728 695 758; x_wconf 87' lang='lat'><strong>3</strong></span> <span class='ocrx_word' id='word_1_69' title='bbox 716 732 792 765; x_wconf 76' lang='lat' dir='ltr'>Quia</span> <span class='ocrx_word' id='word_1_70' title='bbox 810 735 841 760; x_wconf 86' lang='lat' dir='ltr'>in</span> <span class='ocrx_word' id='word_1_71' title='bbox 860 743 899 762; x_wconf 84' lang='lat' dir='ltr'>se.</span> <span class='ocrx_word' id='word_1_72' title='bbox 922 751 957 756; x_wconf 80' lang='lat'>—</span> <span class='ocrx_word' id='word_1_73' title='bbox 973 735 993 762; x_wconf 80' lang='lat' dir='ltr'>R</span> <span class='ocrx_word' id='word_1_74' title='bbox 1016 737 1041 772; x_wconf 82' lang='lat'>2,</span> <span class='ocrx_word' id='word_1_75' title='bbox 1062 738 1079 766; x_wconf 86' lang='lat'><strong><em>5</em></strong></span> <span class='ocrx_word' id='word_1_76' title='bbox 1099 740 1171 768; x_wconf 85' lang='lat' dir='ltr'>Eius</span> <span class='ocrx_word' id='word_1_77' title='bbox 1192 745 1355 777; x_wconf 83' lang='lat' dir='ltr'>patientiae.</span> <span class='ocrx_word' id='word_1_78' title='bbox 1373 761 1410 765; x_wconf 90' lang='lat'>—</span> <span class='ocrx_word' id='word_1_79' title='bbox 1428 747 1471 773; x_wconf 87' lang='lat' dir='ltr'>In</span> 
     </span>
     <span class='ocr_line' id='line_1_19' title="bbox 187 753 599 798; baseline 0.024 -16"><span class='ocrx_word' id='word_1_80' title='bbox 187 753 213 783; x_wconf 88' lang='grc'>3.</span> <span class='ocrx_word' id='word_1_81' title='bbox 233 757 331 785; x_wconf 87' lang='lat' dir='ltr'>Noct.</span> <span class='ocrx_word' id='word_1_82' title='bbox 353 759 374 786; x_wconf 92' lang='grc' dir='ltr'>Α</span> <span class='ocrx_word' id='word_1_83' title='bbox 396 759 421 795; x_wconf 87' lang='lat'>3,</span> <span class='ocrx_word' id='word_1_84' title='bbox 441 761 461 789; x_wconf 82' lang='lat'>4</span> <span class='ocrx_word' id='word_1_85' title='bbox 478 764 599 798; x_wconf 80' lang='lat' dir='ltr'>pollens.</span> 
     </span>
    </p>
   </div>
   <div class='ocr_carea' id='block_1_7' title="bbox 599 857 1054 903">
    <p class='ocr_par' dir='ltr' id='par_1_7' title="bbox 599 857 1054 903">
     <span class='ocr_line' id='line_1_20' title="bbox 599 857 1054 903; baseline 0.015 -14"><span class='ocrx_word' id='word_1_86' title='bbox 599 857 645 889; x_wconf 89' lang='lat'>98.</span> <span class='ocrx_word' id='word_1_87' title='bbox 677 858 716 889; x_wconf 81' lang='lat' dir='ltr'>De</span> <span class='ocrx_word' id='word_1_88' title='bbox 734 863 844 892; x_wconf 83' lang='lat' dir='ltr'>sancta</span> <span class='ocrx_word' id='word_1_89' title='bbox 862 862 1054 903; x_wconf 75' lang='lat' dir='ltr'>Margareta.</span> 
     </span>
    </p>
   </div>
   <div class='ocr_carea' id='block_1_8' title="bbox 318 919 661 963">
    <p class='ocr_par' dir='ltr' id='par_1_8' title="bbox 318 919 661 963">
     <span class='ocr_line' id='line_1_21' title="bbox 318 919 661 963; baseline 0.02 -13"><span class='ocrx_word' id='word_1_90' title='bbox 318 919 363 950; x_wconf 89' lang='lat' dir='ltr'>In</span> <span class='ocrx_word' id='word_1_91' title='bbox 395 922 422 953; x_wconf 89' lang='lat'>1.</span> <span class='ocrx_word' id='word_1_92' title='bbox 450 922 661 963; x_wconf 86' lang='lat' dir='ltr'>Vesperis.</span> 
     </span>
    </p>
   </div>
   <div class='ocr_carea' id='block_1_9' title="bbox 391 1013 584 1049">
    <p class='ocr_par' dir='ltr' id='par_1_9' title="bbox 391 1013 584 1049">
     <span class='ocr_line' id='line_1_22' title="bbox 391 1013 584 1049; baseline 0.021 -10"><span class='ocrx_word' id='word_1_93' title='bbox 391 1013 584 1049; x_wconf 86' lang='lat' dir='ltr'>Antiphonae.</span> 
     </span>
    </p>
   </div>
   <div class='ocr_carea' id='block_1_10' title="bbox 217 1085 625 1264">
    <p class='ocr_par' dir='ltr' id='par_1_10' title="bbox 217 1085 625 1180">
     <span class='ocr_line' id='line_1_23' title="bbox 217 1085 625 1125; baseline 0.02 -9"><span class='ocrx_word' id='word_1_94' title='bbox 217 1109 223 1116; x_wconf 93' lang='lat'>.</span> <span class='ocrx_word' id='word_1_95' title='bbox 250 1085 461 1125; x_wconf 82' lang='lat' dir='ltr'>Margaretam</span> <span class='ocrx_word' id='word_1_96' title='bbox 486 1091 625 1123; x_wconf 85' lang='lat' dir='ltr'>inclitam</span> 
     </span>
     <span class='ocr_line' id='line_1_24' title="bbox 295 1133 612 1180; baseline 0.019 -17"><span class='ocrx_word' id='word_1_97' title='bbox 295 1133 398 1172; x_wconf 87' lang='lat' dir='ltr'>Digne</span> <span class='ocrx_word' id='word_1_98' title='bbox 422 1144 612 1180; x_wconf 85' lang='lat' dir='ltr'>veneremur,</span> 
     </span>
    </p>

    <p class='ocr_par' dir='ltr' id='par_1_11' title="bbox 248 1178 606 1264">
     <span class='ocr_line' id='line_1_25' title="bbox 248 1178 563 1215; baseline 0.019 -6"><span class='ocrx_word' id='word_1_99' title='bbox 248 1178 391 1211; x_wconf 84' lang='lat' dir='ltr'>Moribus</span> <span class='ocrx_word' id='word_1_100' title='bbox 417 1183 563 1215; x_wconf 82' lang='lat' dir='ltr'>eximiam</span> 
     </span>
     <span class='ocr_line' id='line_1_26' title="bbox 297 1225 606 1264; baseline 0.023 -8"><span class='ocrx_word' id='word_1_101' title='bbox 297 1225 416 1257; x_wconf 83' lang='lat' dir='ltr'>Devote</span> <span class='ocrx_word' id='word_1_102' title='bbox 439 1228 606 1264; x_wconf 86' lang='lat' dir='ltr'>imitemur.</span> 
     </span>
    </p>
   </div>
   <div class='ocr_carea' id='block_1_11' title="bbox 208 1280 739 1660">
    <p class='ocr_par' dir='ltr' id='par_1_12' title="bbox 213 1280 654 1372">
     <span class='ocr_line' id='line_1_27' title="bbox 213 1280 654 1323; baseline 0.02 -14"><span class='ocrx_word' id='word_1_103' title='bbox 213 1302 218 1310; x_wconf 95' lang='lat'>.</span> <span class='ocrx_word' id='word_1_104' title='bbox 247 1280 342 1323; x_wconf 69' lang='lat' dir='ltr'>Virgo</span> <span class='ocrx_word' id='word_1_105' title='bbox 367 1280 476 1314; x_wconf 90' lang='lat' dir='ltr'>florem</span> <span class='ocrx_word' id='word_1_106' title='bbox 502 1286 654 1318; x_wconf 84' lang='lat' dir='ltr'>castitatis</span> 
     </span>
     <span class='ocr_line' id='line_1_28' title="bbox 292 1327 635 1372; baseline 0.017 -14"><span class='ocrx_word' id='word_1_107' title='bbox 292 1327 427 1359; x_wconf 85' lang='lat' dir='ltr'>Servans</span> <span class='ocrx_word' id='word_1_108' title='bbox 450 1330 483 1361; x_wconf 90' lang='lat' dir='ltr'>in</span> <span class='ocrx_word' id='word_1_109' title='bbox 507 1331 635 1372; x_wconf 90' lang='lat' dir='ltr'>honore,</span> 
     </span>
    </p>

    <p class='ocr_par' dir='ltr' id='par_1_13' title="bbox 243 1373 647 1456">
     <span class='ocr_line' id='line_1_29' title="bbox 243 1373 647 1416; baseline 0.02 -13"><span class='ocrx_word' id='word_1_110' title='bbox 243 1373 352 1411; x_wconf 85' lang='lat' dir='ltr'>Iugum</span> <span class='ocrx_word' id='word_1_111' title='bbox 379 1375 497 1408; x_wconf 85' lang='lat' dir='ltr'>Christi</span> <span class='ocrx_word' id='word_1_112' title='bbox 520 1378 647 1416; x_wconf 79' lang='lat' dir='ltr'>pietatis</span> 
     </span>
     <span class='ocr_line' id='line_1_30' title="bbox 290 1419 595 1456; baseline 0.02 -6"><span class='ocrx_word' id='word_1_113' title='bbox 290 1419 402 1452; x_wconf 80' lang='lat' dir='ltr'>Gestat</span> <span class='ocrx_word' id='word_1_114' title='bbox 424 1422 457 1452; x_wconf 90' lang='lat' dir='ltr'>in</span> <span class='ocrx_word' id='word_1_115' title='bbox 482 1432 595 1456; x_wconf 82' lang='lat' dir='ltr'>amore.</span> 
     </span>
    </p>

    <p class='ocr_par' dir='ltr' id='par_1_14' title="bbox 208 1475 739 1567">
     <span class='ocr_line' id='line_1_31' title="bbox 208 1475 739 1514; baseline 0.017 -9"><span class='ocrx_word' id='word_1_116' title='bbox 208 1499 215 1506; x_wconf 91' lang='lat'>.</span> <span class='ocrx_word' id='word_1_117' title='bbox 241 1475 384 1514; x_wconf 86' lang='lat' dir='ltr'>Regnum</span> <span class='ocrx_word' id='word_1_118' title='bbox 409 1479 516 1510; x_wconf 90' lang='lat' dir='ltr'>mundi</span> <span class='ocrx_word' id='word_1_119' title='bbox 542 1484 573 1511; x_wconf 84' lang='lat' dir='ltr'>et</span> <span class='ocrx_word' id='word_1_120' title='bbox 597 1485 739 1514; x_wconf 82' lang='lat' dir='ltr'>ornatum</span> 
     </span>
     <span class='ocr_line' id='line_1_32' title="bbox 288 1522 682 1567; baseline 0.015 -14"><span class='ocrx_word' id='word_1_121' title='bbox 288 1522 424 1563; x_wconf 84' lang='lat' dir='ltr'>Sprevit,</span> <span class='ocrx_word' id='word_1_122' title='bbox 448 1529 532 1557; x_wconf 86' lang='lat' dir='ltr'>amat</span> <span class='ocrx_word' id='word_1_123' title='bbox 556 1528 682 1567; x_wconf 83' lang='lat' dir='ltr'>caelica,</span> 
     </span>
    </p>

    <p class='ocr_par' dir='ltr' id='par_1_15' title="bbox 241 1568 681 1660">
     <span class='ocr_line' id='line_1_33' title="bbox 241 1568 645 1610; baseline 0.017 -11"><span class='ocrx_word' id='word_1_124' title='bbox 241 1568 360 1608; x_wconf 87' lang='lat' dir='ltr'>Corpus</span> <span class='ocrx_word' id='word_1_125' title='bbox 384 1571 467 1610; x_wconf 85' lang='lat' dir='ltr'>gerit</span> <span class='ocrx_word' id='word_1_126' title='bbox 489 1572 645 1605; x_wconf 83' lang='lat' dir='ltr'>illibatum</span> 
     </span>
     <span class='ocr_line' id='line_1_34' title="bbox 287 1615 681 1660; baseline 0.013 -14"><span class='ocrx_word' id='word_1_127' title='bbox 287 1615 360 1648; x_wconf 82' lang='lat' dir='ltr'>Vita</span> <span class='ocrx_word' id='word_1_128' title='bbox 383 1616 507 1657; x_wconf 80' lang='lat' dir='ltr'>fulgens</span> <span class='ocrx_word' id='word_1_129' title='bbox 531 1621 681 1660; x_wconf 85' lang='lat' dir='ltr'>angelica.</span> 
     </span>
    </p>
   </div>
   <div class='ocr_carea' id='block_1_12' title="bbox 203 1671 708 1852">
    <p class='ocr_par' dir='ltr' id='par_1_16' title="bbox 203 1671 708 1852">
     <span class='ocr_line' id='line_1_35' title="bbox 203 1671 667 1712; baseline 0.017 -11"><span class='ocrx_word' id='word_1_130' title='bbox 203 1696 209 1702; x_wconf 94' lang='lat'>.</span> <span class='ocrx_word' id='word_1_131' title='bbox 237 1671 315 1702; x_wconf 82' lang='lat' dir='ltr'>Tota</span> <span class='ocrx_word' id='word_1_132' title='bbox 341 1676 454 1712; x_wconf 86' lang='lat' dir='ltr'>mente,</span> <span class='ocrx_word' id='word_1_133' title='bbox 480 1677 546 1707; x_wconf 83' lang='lat' dir='ltr'>toto</span> <span class='ocrx_word' id='word_1_134' title='bbox 572 1678 667 1708; x_wconf 86' lang='lat' dir='ltr'>corde</span> 
     </span>
     <span class='ocr_line' id='line_1_36' title="bbox 237 1717 708 1759; baseline 0.013 -9"><span class='ocrx_word' id='word_1_135' title='bbox 237 1717 361 1750; x_wconf 85' lang='lat' dir='ltr'>Christo</span> <span class='ocrx_word' id='word_1_136' title='bbox 387 1729 504 1759; x_wconf 86' lang='lat' dir='ltr'>sponsa</span> <span class='ocrx_word' id='word_1_137' title='bbox 522 1722 590 1754; x_wconf 88' lang='lat' dir='ltr'>sine</span> <span class='ocrx_word' id='word_1_138' title='bbox 614 1725 708 1756; x_wconf 87' lang='lat' dir='ltr'>sorde</span> 
     </span>
     <span class='ocr_line' id='line_1_37' title="bbox 234 1764 678 1804; baseline 0.016 -9"><span class='ocrx_word' id='word_1_139' title='bbox 234 1764 349 1804; x_wconf 86' lang='lat' dir='ltr'>Servit,</span> <span class='ocrx_word' id='word_1_140' title='bbox 374 1769 410 1797; x_wconf 87' lang='lat' dir='ltr'>ut</span> <span class='ocrx_word' id='word_1_141' title='bbox 433 1768 547 1800; x_wconf 85' lang='lat' dir='ltr'>ardens</span> <span class='ocrx_word' id='word_1_142' title='bbox 573 1769 678 1802; x_wconf 81' lang='lat' dir='ltr'>facula</span> 
     </span>
     <span class='ocr_line' id='line_1_38' title="bbox 233 1811 633 1852; baseline 0.023 -12"><span class='ocrx_word' id='word_1_143' title='bbox 233 1811 360 1842; x_wconf 85' lang='lat' dir='ltr'>Amoris</span> <span class='ocrx_word' id='word_1_144' title='bbox 385 1822 496 1852; x_wconf 87' lang='lat' dir='ltr'>gerens</span> <span class='ocrx_word' id='word_1_145' title='bbox 520 1816 633 1850; x_wconf 82' lang='lat' dir='ltr'>iacula.</span> 
     </span>
    </p>
   </div>
   <div class='ocr_carea' id='block_1_13' title="bbox 199 1867 673 2049">
    <p class='ocr_par' dir='ltr' id='par_1_17' title="bbox 199 1867 673 2049">
     <span class='ocr_line' id='line_1_39' title="bbox 199 1867 653 1912; baseline 0.011 -13"><span class='ocrx_word' id='word_1_146' title='bbox 199 1892 206 1899; x_wconf 93' lang='lat'><strong><em>.</em></strong></span> <span class='ocrx_word' id='word_1_147' title='bbox 233 1867 352 1898; x_wconf 89' lang='lat' dir='ltr'>Audite</span> <span class='ocrx_word' id='word_1_148' title='bbox 376 1868 437 1900; x_wconf 94' lang='lat' dir='ltr'>hoc</span> <span class='ocrx_word' id='word_1_149' title='bbox 460 1871 653 1912; x_wconf 83' lang='lat' dir='ltr'>miraculum,</span> 
     </span>
     <span class='ocr_line' id='line_1_40' title="bbox 231 1913 673 1959; baseline 0.014 -14"><span class='ocrx_word' id='word_1_150' title='bbox 231 1913 347 1945; x_wconf 85' lang='lat' dir='ltr'>Videte</span> <span class='ocrx_word' id='word_1_151' title='bbox 370 1915 429 1946; x_wconf 89' lang='lat' dir='ltr'>hoc</span> <span class='ocrx_word' id='word_1_152' title='bbox 452 1919 673 1959; x_wconf 81' lang='lat' dir='ltr'>spectaculum,</span> 
     </span>
     <span class='ocr_line' id='line_1_41' title="bbox 230 1960 658 2002; baseline 0.016 -12"><span class='ocrx_word' id='word_1_153' title='bbox 230 1960 320 1998; x_wconf 80' lang='lat' dir='ltr'>Quod</span> <span class='ocrx_word' id='word_1_154' title='bbox 344 1961 527 2002; x_wconf 81' lang='lat' dir='ltr'>Margareta</span> <span class='ocrx_word' id='word_1_155' title='bbox 549 1967 658 1997; x_wconf 84' lang='lat' dir='ltr'>tenera</span> 
     </span>
     <span class='ocr_line' id='line_1_42' title="bbox 229 2006 614 2049; baseline 0.016 -11"><span class='ocrx_word' id='word_1_156' title='bbox 229 2006 361 2039; x_wconf 85' lang='lat' dir='ltr'>Scandit</span> <span class='ocrx_word' id='word_1_157' title='bbox 381 2018 476 2049; x_wconf 84' lang='lat' dir='ltr'>super</span> <span class='ocrx_word' id='word_1_158' title='bbox 500 2011 614 2045; x_wconf 86' lang='lat' dir='ltr'>sidera.</span> 
     </span>
    </p>
   </div>
   <div class='ocr_carea' id='block_1_14' title="bbox 188 2064 773 2436">
    <p class='ocr_par' dir='ltr' id='par_1_18' title="bbox 188 2064 773 2436">
     <span class='ocr_line' id='line_1_43' title="bbox 188 2064 535 2105; baseline 0.003 -8"><span class='ocrx_word' id='word_1_159' title='bbox 188 2090 194 2097; x_wconf 93' lang='lat'><em>.</em></span> <span class='ocrx_word' id='word_1_160' title='bbox 227 2064 250 2096; x_wconf 97' lang='lat' dir='ltr'>O</span> <span class='ocrx_word' id='word_1_161' title='bbox 277 2064 361 2096; x_wconf 81' lang='lat' dir='ltr'>oliva</span> <span class='ocrx_word' id='word_1_162' title='bbox 384 2074 535 2105; x_wconf 82' lang='lat' dir='ltr'>generosa</span> 
     </span>
     <span class='ocr_line' id='line_1_44' title="bbox 272 2110 515 2153; baseline 0.012 -12"><span class='ocrx_word' id='word_1_163' title='bbox 272 2110 355 2143; x_wconf 90' lang='lat' dir='ltr'>Lilio</span> <span class='ocrx_word' id='word_1_164' title='bbox 380 2112 515 2153; x_wconf 80' lang='lat' dir='ltr'>suffulta,</span> 
     </span>
     <span class='ocr_line' id='line_1_45' title="bbox 229 2157 701 2203; baseline 0.013 -15"><span class='ocrx_word' id='word_1_165' title='bbox 229 2157 354 2190; x_wconf 88' lang='lat' dir='ltr'>Rubens</span> <span class='ocrx_word' id='word_1_166' title='bbox 380 2168 452 2191; x_wconf 82' lang='lat' dir='ltr'>rosa</span> <span class='ocrx_word' id='word_1_167' title='bbox 477 2169 538 2192; x_wconf 90' lang='lat' dir='ltr'>non</span> <span class='ocrx_word' id='word_1_168' title='bbox 566 2170 701 2203; x_wconf 87' lang='lat' dir='ltr'>corrosa,</span> 
     </span>
     <span class='ocr_line' id='line_1_46' title="bbox 273 2204 578 2248; baseline 0.013 -13"><span class='ocrx_word' id='word_1_169' title='bbox 273 2204 417 2237; x_wconf 85' lang='lat' dir='ltr'>Moribus</span> <span class='ocrx_word' id='word_1_170' title='bbox 444 2208 578 2248; x_wconf 79' lang='lat' dir='ltr'>exculta,</span> 
     </span>
     <span class='ocr_line' id='line_1_47' title="bbox 228 2251 773 2296; baseline 0.013 -15"><span class='ocrx_word' id='word_1_171' title='bbox 228 2251 322 2289; x_wconf 86' lang='lat' dir='ltr'>Apud</span> <span class='ocrx_word' id='word_1_172' title='bbox 336 2260 484 2291; x_wconf 88' lang='lat' dir='ltr'>sponsum</span> <span class='ocrx_word' id='word_1_173' title='bbox 499 2253 656 2287; x_wconf 87' lang='lat' dir='ltr'>Christum</span> <span class='ocrx_word' id='word_1_174' title='bbox 669 2265 773 2296; x_wconf 83' lang='lat' dir='ltr'>regem</span> 
     </span>
     <span class='ocr_line' id='line_1_48' title="bbox 224 2297 770 2345; baseline 0.013 -17"><span class='ocrx_word' id='word_1_175' title='bbox 224 2297 456 2332; x_wconf 79' lang='lat' dir='ltr'>Recommenda</span> <span class='ocrx_word' id='word_1_176' title='bbox 477 2304 616 2333; x_wconf 88' lang='lat' dir='ltr'>nostrum</span> <span class='ocrx_word' id='word_1_177' title='bbox 635 2312 770 2345; x_wconf 87' lang='lat' dir='ltr'>gregem,</span> 
     </span>
     <span class='ocr_line' id='line_1_49' title="bbox 270 2344 659 2389; baseline 0.015 -14"><span class='ocrx_word' id='word_1_178' title='bbox 270 2344 314 2376; x_wconf 83' lang='lat' dir='ltr'>Ut</span> <span class='ocrx_word' id='word_1_179' title='bbox 338 2345 477 2379; x_wconf 85' lang='lat' dir='ltr'>vivamus</span> <span class='ocrx_word' id='word_1_180' title='bbox 501 2348 534 2379; x_wconf 90' lang='lat' dir='ltr'>in</span> <span class='ocrx_word' id='word_1_181' title='bbox 555 2350 659 2389; x_wconf 80' lang='lat' dir='ltr'>gratia</span> 
     </span>
     <span class='ocr_line' id='line_1_50' title="bbox 266 2391 654 2436; baseline 0.023 -15"><span class='ocrx_word' id='word_1_182' title='bbox 266 2391 311 2422; x_wconf 81' lang='lat' dir='ltr'>Et</span> <span class='ocrx_word' id='word_1_183' title='bbox 333 2392 366 2423; x_wconf 92' lang='lat' dir='ltr'>in</span> <span class='ocrx_word' id='word_1_184' title='bbox 389 2396 522 2433; x_wconf 85' lang='lat' dir='ltr'>perenni</span> <span class='ocrx_word' id='word_1_185' title='bbox 544 2394 654 2436; x_wconf 80' lang='lat' dir='ltr'>gloria.</span> 
     </span>
    </p>
   </div>
   <div class='ocr_carea' id='block_1_15' title="bbox 854 930 1241 976">
    <p class='ocr_par' dir='ltr' id='par_1_19' title="bbox 854 930 1241 976">
     <span class='ocr_line' id='line_1_51' title="bbox 854 930 1241 976; baseline 0.018 -15"><span class='ocrx_word' id='word_1_186' title='bbox 854 930 890 962; x_wconf 89' lang='lat' dir='ltr'>V.</span> <span class='ocrx_word' id='word_1_187' title='bbox 920 932 1020 964; x_wconf 90' lang='lat' dir='ltr'>Tuum</span> <span class='ocrx_word' id='word_1_188' title='bbox 1042 935 1241 976; x_wconf 86' lang='lat' dir='ltr'>privilegium</span> 
     </span>
    </p>
   </div>
   <div class='ocr_carea' id='block_1_16' title="bbox 921 979 1315 1114">
    <p class='ocr_par' dir='ltr' id='par_1_20' title="bbox 921 979 1315 1114">
     <span class='ocr_line' id='line_1_52' title="bbox 969 979 1260 1023; baseline 0.017 -14"><span class='ocrx_word' id='word_1_189' title='bbox 969 979 1031 1010; x_wconf 83' lang='lat' dir='ltr'>Ora</span> <span class='ocrx_word' id='word_1_190' title='bbox 1055 990 1110 1012; x_wconf 90' lang='lat' dir='ltr'>nos</span> <span class='ocrx_word' id='word_1_191' title='bbox 1135 984 1260 1023; x_wconf 88' lang='lat' dir='ltr'>sentire,</span> 
     </span>
     <span class='ocr_line' id='line_1_53' title="bbox 921 1023 1271 1073; baseline 0.02 -19"><span class='ocrx_word' id='word_1_192' title='bbox 921 1023 998 1055; x_wconf 88' lang='lat' dir='ltr'>Esto</span> <span class='ocrx_word' id='word_1_193' title='bbox 1023 1027 1085 1057; x_wconf 88' lang='lat' dir='ltr'>reis</span> <span class='ocrx_word' id='word_1_194' title='bbox 1110 1028 1271 1073; x_wconf 80' lang='lat' dir='ltr'>refugium,</span> 
     </span>
     <span class='ocr_line' id='line_1_54' title="bbox 965 1070 1315 1114; baseline 0.02 -13"><span class='ocrx_word' id='word_1_195' title='bbox 965 1070 1120 1104; x_wconf 83' lang='lat' dir='ltr'>Levamen</span> <span class='ocrx_word' id='word_1_196' title='bbox 1145 1075 1315 1114; x_wconf 75' lang='lat' dir='ltr'>impertire.</span> 
     </span>
    </p>
   </div>
   <div class='ocr_carea' id='block_1_17' title="bbox 1043 1144 1283 1183">
    <p class='ocr_par' dir='ltr' id='par_1_21' title="bbox 1043 1144 1283 1183">
     <span class='ocr_line' id='line_1_55' title="bbox 1043 1144 1283 1183; baseline 0.021 -12"><span class='ocrx_word' id='word_1_197' title='bbox 1043 1144 1087 1172; x_wconf 78' lang='lat' dir='ltr'>Ad</span> <span class='ocrx_word' id='word_1_198' title='bbox 1107 1146 1283 1183; x_wconf 79' lang='lat' dir='ltr'>Magnificat.</span> 
     </span>
    </p>
   </div>
   <div class='ocr_carea' id='block_1_18' title="bbox 847 1188 1098 1230">
    <p class='ocr_par' dir='ltr' id='par_1_22' title="bbox 847 1188 1098 1230">
     <span class='ocr_line' id='line_1_56' title="bbox 847 1188 1098 1230; baseline 0.024 -12"><span class='ocrx_word' id='word_1_199' title='bbox 847 1188 888 1220; x_wconf 87' lang='lat' dir='ltr'>A.</span> <span class='ocrx_word' id='word_1_200' title='bbox 919 1190 1098 1230; x_wconf 78' lang='lat' dir='ltr'>Magnificat</span> 
     </span>
    </p>
   </div>
   <div class='ocr_carea' id='block_1_19' title="bbox 907 1237 1442 1740">
    <p class='ocr_par' dir='ltr' id='par_1_23' title="bbox 916 1237 1313 1282">
     <span class='ocr_line' id='line_1_57' title="bbox 916 1237 1313 1282; baseline 0.02 -16"><span class='ocrx_word' id='word_1_201' title='bbox 916 1237 1126 1278; x_wconf 83' lang='lat' dir='ltr'>Margaretam</span> <span class='ocrx_word' id='word_1_202' title='bbox 1152 1241 1313 1282; x_wconf 87' lang='lat' dir='ltr'>Dominus,</span> 
     </span>
    </p>

    <p class='ocr_par' dir='ltr' id='par_1_24' title="bbox 914 1282 1442 1420">
     <span class='ocr_line' id='line_1_58' title="bbox 914 1282 1344 1330; baseline 0.019 -17"><span class='ocrx_word' id='word_1_203' title='bbox 914 1282 996 1314; x_wconf 86' lang='lat' dir='ltr'>Dum</span> <span class='ocrx_word' id='word_1_204' title='bbox 1018 1286 1164 1318; x_wconf 76' lang='lat' dir='ltr'>ancillam</span> <span class='ocrx_word' id='word_1_205' title='bbox 1189 1288 1344 1330; x_wconf 88' lang='lat' dir='ltr'>humilem,</span> 
     </span>
     <span class='ocr_line' id='line_1_59' title="bbox 915 1330 1442 1375; baseline 0.017 -15"><span class='ocrx_word' id='word_1_206' title='bbox 915 1330 1050 1370; x_wconf 81' lang='lat' dir='ltr'>Castam,</span> <span class='ocrx_word' id='word_1_207' title='bbox 1075 1333 1248 1374; x_wconf 83' lang='lat' dir='ltr'>pulchram,</span> <span class='ocrx_word' id='word_1_208' title='bbox 1274 1345 1442 1375; x_wconf 83' lang='lat' dir='ltr'>pauperem</span> 
     </span>
     <span class='ocr_line' id='line_1_60' title="bbox 914 1376 1261 1420; baseline 0.02 -15"><span class='ocrx_word' id='word_1_209' title='bbox 914 1376 1088 1415; x_wconf 80' lang='lat' dir='ltr'>Martyrem</span> <span class='ocrx_word' id='word_1_210' title='bbox 1113 1386 1261 1420; x_wconf 78' lang='lat' dir='ltr'>respexit,</span> 
     </span>
    </p>

    <p class='ocr_par' dir='ltr' id='par_1_25' title="bbox 911 1422 1441 1561">
     <span class='ocr_line' id='line_1_61' title="bbox 914 1422 1441 1469; baseline 0.019 -18"><span class='ocrx_word' id='word_1_211' title='bbox 914 1422 998 1461; x_wconf 77' lang='lat' dir='ltr'>Quae</span> <span class='ocrx_word' id='word_1_212' title='bbox 1020 1425 1168 1456; x_wconf 88' lang='lat' dir='ltr'>mundum</span> <span class='ocrx_word' id='word_1_213' title='bbox 1194 1431 1225 1457; x_wconf 85' lang='lat' dir='ltr'>et</span> <span class='ocrx_word' id='word_1_214' title='bbox 1250 1428 1441 1469; x_wconf 85' lang='lat' dir='ltr'>daemonem,</span> 
     </span>
     <span class='ocr_line' id='line_1_62' title="bbox 914 1467 1304 1512; baseline 0.018 -14"><span class='ocrx_word' id='word_1_215' title='bbox 914 1467 1045 1500; x_wconf 85' lang='lat' dir='ltr'>Carnem</span> <span class='ocrx_word' id='word_1_216' title='bbox 1071 1473 1101 1501; x_wconf 84' lang='lat' dir='ltr'>et</span> <span class='ocrx_word' id='word_1_217' title='bbox 1124 1474 1304 1512; x_wconf 81' lang='lat' dir='ltr'>sanguinem</span> 
     </span>
     <span class='ocr_line' id='line_1_63' title="bbox 911 1515 1247 1561; baseline 0.018 -16"><span class='ocrx_word' id='word_1_218' title='bbox 911 1515 1061 1547; x_wconf 85' lang='lat' dir='ltr'>Potenter</span> <span class='ocrx_word' id='word_1_219' title='bbox 1087 1518 1247 1561; x_wconf 80' lang='lat' dir='ltr'>despexit3</span> 
     </span>
    </p>

    <p class='ocr_par' dir='ltr' id='par_1_26' title="bbox 909 1560 1254 1603">
     <span class='ocr_line' id='line_1_64' title="bbox 909 1560 1254 1603; baseline 0.02 -12"><span class='ocrx_word' id='word_1_220' title='bbox 909 1560 995 1601; x_wconf 88' lang='lat' dir='ltr'>Ergo</span> <span class='ocrx_word' id='word_1_221' title='bbox 1020 1563 1084 1594; x_wconf 86' lang='lat' dir='ltr'>suis</span> <span class='ocrx_word' id='word_1_222' title='bbox 1108 1566 1254 1603; x_wconf 76' lang='lat' dir='ltr'>precibus</span> 
     </span>
    </p>

    <p class='ocr_par' dir='ltr' id='par_1_27' title="bbox 910 1607 1309 1645">
     <span class='ocr_line' id='line_1_65' title="bbox 910 1607 1309 1645; baseline 0.02 -8"><span class='ocrx_word' id='word_1_223' title='bbox 910 1607 1033 1639; x_wconf 84' lang='lat' dir='ltr'>Nostris</span> <span class='ocrx_word' id='word_1_224' title='bbox 1058 1610 1148 1642; x_wconf 84' lang='lat' dir='ltr'>victis</span> <span class='ocrx_word' id='word_1_225' title='bbox 1174 1612 1309 1645; x_wconf 75' lang='lat' dir='ltr'>hostibus</span> 
     </span>
    </p>

    <p class='ocr_par' dir='ltr' id='par_1_28' title="bbox 909 1653 1261 1691">
     <span class='ocr_line' id='line_1_66' title="bbox 909 1653 1261 1691; baseline 0.02 -7"><span class='ocrx_word' id='word_1_226' title='bbox 909 1653 975 1685; x_wconf 87' lang='lat' dir='ltr'>Nos</span> <span class='ocrx_word' id='word_1_227' title='bbox 997 1655 1075 1687; x_wconf 88' lang='lat' dir='ltr'>ditet</span> <span class='ocrx_word' id='word_1_228' title='bbox 1096 1657 1156 1689; x_wconf 91' lang='lat' dir='ltr'>Dei</span> <span class='ocrx_word' id='word_1_229' title='bbox 1182 1659 1261 1691; x_wconf 82' lang='lat' dir='ltr'>filius</span> 
     </span>
    </p>

    <p class='ocr_par' dir='ltr' id='par_1_29' title="bbox 907 1700 1360 1740">
     <span class='ocr_line' id='line_1_67' title="bbox 907 1700 1360 1740; baseline 0.02 -10"><span class='ocrx_word' id='word_1_230' title='bbox 907 1700 1007 1732; x_wconf 90' lang='lat' dir='ltr'>Huius</span> <span class='ocrx_word' id='word_1_231' title='bbox 1032 1707 1159 1735; x_wconf 83' lang='lat' dir='ltr'>sanctae</span> <span class='ocrx_word' id='word_1_232' title='bbox 1184 1706 1360 1740; x_wconf 76' lang='lat' dir='ltr'>virtutibus.</span> 
     </span>
    </p>
   </div>
   <div class='ocr_carea' id='block_1_20' title="bbox 931 1794 1358 1837">
    <p class='ocr_par' dir='ltr' id='par_1_30' title="bbox 931 1794 1358 1837">
     <span class='ocr_line' id='line_1_68' title="bbox 931 1794 1358 1837; baseline 0.021 -13"><span class='ocrx_word' id='word_1_233' title='bbox 931 1794 990 1825; x_wconf 83' lang='lat' dir='ltr'>Ad</span> <span class='ocrx_word' id='word_1_234' title='bbox 1016 1795 1358 1837; x_wconf 86' lang='lat' dir='ltr'>Completorium.</span> 
     </span>
    </p>
   </div>
   <div class='ocr_carea' id='block_1_21' title="bbox 997 1860 1273 1892">
    <p class='ocr_par' dir='ltr' id='par_1_31' title="bbox 997 1860 1273 1892">
     <span class='ocr_line' id='line_1_69' title="bbox 997 1860 1273 1892; baseline 0.022 -6"><span class='ocrx_word' id='word_1_235' title='bbox 997 1860 1040 1886; x_wconf 84' lang='lat' dir='ltr'>Ad</span> <span class='ocrx_word' id='word_1_236' title='bbox 1058 1870 1136 1889; x_wconf 88' lang='lat' dir='ltr'>nunc</span> <span class='ocrx_word' id='word_1_237' title='bbox 1156 1861 1273 1892; x_wconf 71' lang='lat' dir='ltr'>dimittis</span> 
     </span>
    </p>
   </div>
   <div class='ocr_carea' id='block_1_22' title="bbox 868 1909 1243 1954">
    <p class='ocr_par' dir='ltr' id='par_1_32' title="bbox 868 1909 1243 1954">
     <span class='ocr_line' id='line_1_70' title="bbox 868 1909 1243 1954; baseline 0.016 -12"><span class='ocrx_word' id='word_1_238' title='bbox 868 1937 874 1943; x_wconf 94' lang='lat'>.</span> <span class='ocrx_word' id='word_1_239' title='bbox 906 1909 1057 1944; x_wconf 89' lang='lat' dir='ltr'>Dominus</span> <span class='ocrx_word' id='word_1_240' title='bbox 1080 1915 1243 1954; x_wconf 78' lang='lat' dir='ltr'>magnifice</span> 
     </span>
    </p>
   </div>
   <div class='ocr_carea' id='block_1_23' title="bbox 902 1958 1413 2090">
    <p class='ocr_par' dir='ltr' id='par_1_33' title="bbox 902 1958 1413 2090">
     <span class='ocr_line' id='line_1_71' title="bbox 950 1958 1413 2005; baseline 0.017 -16"><span class='ocrx_word' id='word_1_241' title='bbox 950 1958 1042 1990; x_wconf 87' lang='lat' dir='ltr'>Hanc</span> <span class='ocrx_word' id='word_1_242' title='bbox 1066 1969 1216 1999; x_wconf 87' lang='lat' dir='ltr'>gemmam</span> <span class='ocrx_word' id='word_1_243' title='bbox 1243 1964 1413 2005; x_wconf 84' lang='lat' dir='ltr'>decoravit,</span> 
     </span>
     <span class='ocr_line' id='line_1_72' title="bbox 902 2004 1227 2040; baseline 0.018 -5"><span class='ocrx_word' id='word_1_244' title='bbox 902 2004 985 2036; x_wconf 89' lang='lat' dir='ltr'>Dum</span> <span class='ocrx_word' id='word_1_245' title='bbox 1010 2006 1071 2037; x_wconf 85' lang='lat' dir='ltr'>sibi</span> <span class='ocrx_word' id='word_1_246' title='bbox 1095 2008 1227 2040; x_wconf 87' lang='lat' dir='ltr'>mirifice</span> 
     </span>
     <span class='ocr_line' id='line_1_73' title="bbox 949 2052 1301 2090; baseline 0.02 -8"><span class='ocrx_word' id='word_1_247' title='bbox 949 2052 1073 2084; x_wconf 85' lang='lat' dir='ltr'>Testem</span> <span class='ocrx_word' id='word_1_248' title='bbox 1100 2057 1301 2090; x_wconf 71' lang='lat' dir='ltr'>consecravit.</span> 
     </span>
    </p>
   </div>
   <div class='ocr_carea' id='block_1_24' title="bbox 967 2146 1314 2241">
    <p class='ocr_par' dir='ltr' id='par_1_34' title="bbox 967 2146 1314 2241">
     <span class='ocr_line' id='line_1_74' title="bbox 967 2146 1314 2182; baseline 0.017 -6"><span class='ocrx_word' id='word_1_249' title='bbox 967 2146 1026 2177; x_wconf 91' lang='lat' dir='ltr'>Ad</span> <span class='ocrx_word' id='word_1_250' title='bbox 1052 2147 1314 2182; x_wconf 83' lang='lat' dir='ltr'>Matutinum.</span> 
     </span>
     <span class='ocr_line' id='line_1_75' title="bbox 1027 2210 1243 2241; baseline 0.023 -5"><span class='ocrx_word' id='word_1_251' title='bbox 1027 2210 1243 2241; x_wconf 83' lang='lat' dir='ltr'>Invitatorium.</span> 
     </span>
    </p>
   </div>
   <div class='ocr_carea' id='block_1_25' title="bbox 894 2261 1339 2444">
    <p class='ocr_par' dir='ltr' id='par_1_35' title="bbox 898 2261 1325 2354">
     <span class='ocr_line' id='line_1_76' title="bbox 898 2261 1298 2304; baseline 0.02 -13"><span class='ocrx_word' id='word_1_252' title='bbox 898 2261 976 2301; x_wconf 68' lang='lat' dir='ltr'>Regi</span> <span class='ocrx_word' id='word_1_253' title='bbox 1002 2272 1107 2304; x_wconf 86' lang='lat' dir='ltr'>regum</span> <span class='ocrx_word' id='word_1_254' title='bbox 1131 2266 1298 2299; x_wconf 73' lang='lat' dir='ltr'>jubilantes</span> 
     </span>
     <span class='ocr_line' id='line_1_77' title="bbox 942 2308 1325 2354; baseline 0.013 -14"><span class='ocrx_word' id='word_1_255' title='bbox 942 2308 1085 2342; x_wconf 83' lang='lat' dir='ltr'>Laudum</span> <span class='ocrx_word' id='word_1_256' title='bbox 1108 2321 1167 2351; x_wconf 87' lang='lat' dir='ltr'>per</span> <span class='ocrx_word' id='word_1_257' title='bbox 1191 2314 1325 2354; x_wconf 82' lang='lat' dir='ltr'>insignia</span> 
     </span>
    </p>

    <p class='ocr_par' dir='ltr' id='par_1_36' title="bbox 894 2354 1339 2444">
     <span class='ocr_line' id='line_1_78' title="bbox 894 2354 1307 2391; baseline 0.017 -6"><span class='ocrx_word' id='word_1_258' title='bbox 894 2354 1097 2389; x_wconf 81' lang='lat' dir='ltr'>Exsultemus</span> <span class='ocrx_word' id='word_1_259' title='bbox 1123 2364 1307 2391; x_wconf 83' lang='lat' dir='ltr'>venerantes</span> 
     </span>
     <span class='ocr_line' id='line_1_79' title="bbox 942 2402 1339 2444; baseline 0.018 -10"><span class='ocrx_word' id='word_1_260' title='bbox 942 2402 1142 2444; x_wconf 81' lang='lat' dir='ltr'>Margaretae</span> <span class='ocrx_word' id='word_1_261' title='bbox 1166 2407 1339 2441; x_wconf 85' lang='lat' dir='ltr'>sollemnia.</span> 
     </span>
    </p>
   </div>
  </div>
 </body>
</html>
