1650 2542
193 1666 228 1698 V.

687 107 940 144 —237—

249 203 335 235 Cleri
361 204 550 235 desiderium

248 250 309 281 Per
333 258 492 281 assensum
517 251 634 290 regium

295 296 450 328 Sublimat
473 297 673 337 praesulatu;

210 366 217 372 .
247 342 337 374 Idem
362 345 494 381 poscunt
519 342 588 373 fieri

250 388 435 428 Optiinates,
461 388 563 431 liberi,

249 434 346 468 Senes
371 437 465 475 atque
488 435 587 473 pueri,

307 556 354 587 In
380 557 411 588 2.
436 555 665 588 Nocturno.

392 628 583 664 Antiphonac.

220 712 225 717 .
253 685 364 716 Pastor
388 685 449 716 istc
473 694 583 717 sacrae
606 685 683 724 legis

297 731 448 763 Normam
473 741 560 763 suam
587 732 719 763 edocens

253 777 384 820 Semper
409 787 516 809 curam
542 778 606 810 dati
629 778 731 817 gregis

301 824 392 856 Gerit
417 823 538 856 fraudis
562 825 722 855 innocens,

254 880 329 911 Nati
354 880 481 919 quidam
505 880 658 910 scelerum

301 926 448 957 Sanctum
472 928 701 965 persequuntur

255 972 322 1003 Nec
348 975 492 1004 eventum
517 980 700 1011 prosperum

302 1019 406 1050 Patris
430 1019 602 1057 patiuntur.

221 1102 227 1107 .
256 1073 339 1105 Hinc
364 1074 496 1105 collecto
522 1073 652 1104 concilio

302 1120 409 1151 Iactus
430 1118 515 1151 sedis
537 1119 577 1150 ab
603 1119 730 1157 honore,

257 1166 385 1197 Secedit
410 1166 528 1204 absque
554 1165 627 1196 vitio

303 1212 402 1243 Exsul
426 1211 493 1243 Deo
520 1211 717 1243 conductore.

395 1285 599 1320 Responsoria.

223 1368 229 1375 .
254 1341 352 1373 Exsul
379 1340 464 1372 orbis
487 1341 521 1371 in
544 1341 647 1372 stadio

307 1387 357 1419 Ne
382 1396 503 1418 cursum
531 1387 689 1425 extendat,

261 1434 403 1466 Stabulio
433 1433 580 1464 coenobio

306 1480 455 1513 Fratrum
480 1488 513 1510 se
539 1479 744 1517 commendat,

258 1527 392 1558 Abbatis
416 1526 581 1566 imperium

306 1573 419 1606 Colens
443 1573 552 1604 nolens

260 1619 342 1651 Suae
366 1628 433 1651 esse
458 1619 634 1651 voluntatis.

262 1667 374 1705 AnniS‚
400 1666 533 1705 Christe,
560 1664 618 1696 tibi

308 1713 364 1745 sub
390 1713 450 1744 hac
474 1710 576 1743 forma
599 1711 698 1742 servit
720 1710 774 1742 ibi.

227 1793 234 1801 .
262 1768 362 1800 Nocte
385 1769 486 1809 surgit
507 1768 611 1799 media

261 1815 404 1855 Sanctus,
431 1816 472 1847 ad
495 1814 599 1846 officia

307 1862 439 1893 Precum
463 1864 662 1902 properatur,

261 1909 388 1942 Sotular
413 1909 572 1950 dilabitur,

258 1956 357 1987 Manu
381 1954 489 1996 fragor
513 1955 667 1994 redditur,

301 2003 411 2034 Abbas
437 2003 600 2041 excitatur,

259 2050 352 2083 Cruci
377 2052 462 2081 stare
485 2049 630 2088 mittitur,

305 2096 408 2128 Nudis
432 2096 550 2136 plantis
575 2096 703 2137 incedit,

260 2143 323 2175 Nix
349 2143 389 2176 ad
413 2145 531 2175 terram
555 2141 706 2185 funditur,

305 2190 402 2221 Iussis
426 2193 530 2222 tamen
555 2189 693 2222 oboedit.

227 2273 234 2279 .
261 2246 286 2278 O
314 2244 431 2277 Christi
457 2246 591 2277 clemens
616 2244 748 2286 bonitas,

261 2293 358 2330 Quem
385 2292 574 2332 compungis,
601 2300 671 2323 mox
698 2291 806 2322 visitas

310 2339 403 2371 quta
427 2338 473 2377 pii
496 2338 597 2377 patris
620 2346 749 2378 morem,

917 201 996 233 Nam
1022 200 1205 240 subrogatus
1230 199 1357 238 pellitur

917 247 1135 286 Praesulisque
1159 245 1319 277 reducitur

965 294 1055 327 Sedis
1087 293 1229 324 thronum
1254 292 1287 323 in
1310 291 1457 329 priorem,

879 366 887 373 .
916 341 960 372 Et
984 348 1124 380 regresso
1148 338 1287 379 praesuli

923 387 1064 426 Pangunt
1085 385 1194 416 laudes
1217 384 1308 416 iubili

918 433 1119 465 Subdltorum
1143 431 1265 471 singuli.

979 555 1025 586 In
1052 555 1084 587 3.
1108 553 1330 585 Nocturno.

1068 626 1258 661 Antiphonae.

890 708 897 716 .
923 685 992 716 Hoc
1015 686 1147 722 patrono
1173 680 1362 713 convalescit

969 730 1060 761 Mens
1085 730 1176 759 ancta
1199 727 1347 765 fidelium,

923 776 967 808 Et
990 776 1141 807 malorum
1162 773 1353 806 contabescit

972 823 1026 853 Vis
1052 824 1083 853 et
1104 822 1193 861 vigor
1217 820 1361 852 omnium.

893 905 898 910 .
925 878 1073 909 Errorem
1096 876 1272 914 idolatriae,

972 924 1031 963 Qui
1055 924 1171 954 dudum
1198 922 1363 953 derelictus*

928 970 984 1001 Est
1009 974 1113 1000 terrae
1136 967 1343 1005 Texandriae,

976 1017 1112 1048 Damnat
1135 1015 1183 1046 vir
1207 1014 1341 1044 invictus

895 1095 901 1100 .
929 1071 1009 1102 Istos
1033 1072 1136 1101 monet
1161 1076 1310 1108 quaerere

975 1117 1095 1148 Bonum
1118 1115 1286 1153 aeternale,

930 1163 1021 1194 [ubet
1042 1163 1113 1193 illos
1138 1161 1246 1201 fugere

976 1209 1095 1240 Malum
1123 1208 1302 1249 gehennale.

1061 1282 1266 1316 Roeponsoria.

897 1364 903 1371 .
931 1339 1014 1370 Hinc
1037 1339 1159 1369 ulturus
1184 1340 1393 1377 proximorum

931 1385 1022 1417 Dodo
1047 1385 1227 1423 sanguinem
1248 1391 1373 1414 suorum

932 1432 969 1463 In
993 1430 1194 1463 Lambertum
1218 1430 1315 1461 saevit
1341 1429 1399 1467 ira,

932 1478 1061 1510 Vallans
1085 1477 1196 1508 aedem
1220 1480 1323 1507 turma
1348 1475 1426 1510 dira,

978 1524 1076 1562 Quam
1101 1525 1226 1555 sanctus
1249 1521 1440 1561 ingreditur,

894 1599 900 1604 .
929 1572 1029 1610 Aptos
1054 1570 1136 1601 bello
1163 1569 1363 1610 conglutinat,

934 1617 1112 1650 Praesulem
1134 1616 1227 1647 morti
1254 1615 1390 1647 destinat

979 1664 1022 1695 Et
1047 1672 1114 1695 eum
1139 1672 1212 1694 mox
1235 1661 1446 1702 prosequitur.

896 1743 903 1750 .
930 1721 1062 1752 Sanctus
1085 1719 1117 1750 in
1144 1718 1286 1750 cubiculo

978 1767 1059 1798 Dum
1085 1768 1156 1797 orat
1178 1766 1308 1803 intente,

932 1815 1048 1846 Fossus
1075 1816 1169 1853 caput
1191 1811 1293 1843 iaculo

977 1860 1045 1891 Deo
1069 1860 1254 1898 disponente

981 1906 1033 1938 Sic
1056 1909 1178 1945 martyr
1204 1904 1340 1946 effectus,

934 1954 986 1986 Ad
1011 1961 1180 1993 perennem
1206 1954 1238 1983 et
1261 1951 1431 1982 sollenuem

979 2001 1139 2033 Thronum
1165 2002 1213 2030 est.
1238 2000 1372 2038 evectus,

880 2047 900 2078 ’.
931 2048 1123 2087 Angelorum
1150 2045 1288 2078 coetibus

933 2094 978 2126 Et
1003 2094 1120 2125 sanctis
1146 2092 1332 2125 caelestibus

935 2141 1146 2181 Congregatus
1173 2139 1302 2172 civibus.

900 2222 907 2228 .
934 2197 1056 2236 Quanta
1079 2195 1179 2236 fulget
1205 2195 1356 2235 dignitate

934 2243 1098 2283 Signorum
1123 2243 1183 2285 hie,
1212 2243 1310 2273 claret
1333 2241 1406 2277 late,

936 2290 1012 2322 Cum
1038 2299 1096 2329 quo
1118 2292 1228 2330 regnat
1244 2289 1307 2319 iam
1324 2287 1358 2317 in
1375 2285 1479 2324 caelis,

937 2336 1057 2376 Corpus
1082 2336 1172 2368 huius
1197 2334 1315 2375 angelis
