1650 2542
687 113 942 148 —103—

244 208 288 240 Et
309 208 389 248 ignis
413 208 521 248 lapsus
546 209 674 240 caelitus

292 254 383 286 Hunc
406 254 603 286 incineravit.

215 335 221 342 .
249 309 431 350 Sepulcrum
455 312 565 349 patens
589 312 726 351 undique

297 355 412 387 Guttur
435 356 662 388 haereticorum

250 402 414 434 Obstruxit
436 401 578 444 mirifice,

295 449 376 480 Dum
400 449 495 480 trium
518 451 708 480 mortuorum

247 496 309 527 Per
334 504 402 526 eum
423 495 578 527 Eusebius

295 541 465 574 Suscitavit
489 550 630 581 corpora,

249 588 307 626 Qui
330 587 511 620 fatebantur
534 588 656 626 plenius

298 634 565 674 Nequissimorum
590 641 694 672 opera.

219 714 226 721 .
251 689 381 721 Honore
403 699 471 721 cum
495 689 594 729 gloria

301 736 376 767 Post
397 736 507 768 mundi
529 738 690 774 tropaeum

251 782 295 814 Et
321 783 438 822 duplici
462 782 589 814 aureola

299 829 462 861 Coronasti
486 838 564 867 eum,

251 875 415 915 Virginum
441 875 588 906 coronula

300 921 452 960 Sei-toque
476 921 647 959 doctorum,

251 967 362 1007 HuiuS,
388 968 521 1006 Christe,
546 975 604 1006 per
626 966 738 996 merita

297 1013 455 1045 Memento
480 1016 667 1044 renatorum.

387 1068 589 1103 Responsoria.

218 1139 224 1146 .
250 1115 533 1154 Adpropinquante
553 1118 693 1155 tempore

298 1161 518 1192 Dissolutionis

251 1207 422 1247 Discipulis
446 1215 633 1247 magnopere

298 1253 430 1293 Compos
455 1254 584 1285 rationis

252 1299 361 1331 Dixit:
390 1300 584 1331 dilectissimi

299 1346 428 1377 Fratres
454 1347 603 1388 caritatis,

253 1392 304 1423 Ad
326 1401 478 1431 praesepe
501 1392 625 1424 Domini

298 1439 353 1470 Me
377 1439 536 1478 sepeliatis

214 1510 221 1517 .
251 1484 295 1516 Et
318 1493 431 1524 corpus
457 1485 642 1517 dominicum

298 1531 410 1562 Statim
435 1530 595 1568 adferatis,

252 1578 406 1609 Desidero
432 1578 637 1617 potissimum,

299 1624 354 1655 Me
377 1623 534 1657 reficiatis

219 1706 225 1713 .
253 1679 372 1719 Corpus
398 1688 466 1710 cum
492 1678 663 1710 salvificum

302 1727 359 1758 Vir
383 1729 507 1759 sanctus
531 1726 703 1765 recepisset

252 1772 403 1804 Simeonis
429 1773 584 1804 canticum

297 1819 341 1850 Et
364 1820 418 1850 vix
443 1819 669 1860 complevisset,

252 1865 357 1897 instar
381 1866 456 1897 solis
480 1866 587 1897 radius

299 1912 408 1944 Subito
432 1910 567 1951 refulsit,

253 1959 322 1991 Vox
346 1959 453 1999 elapsa
478 1958 606 1990 caelitus

299 2006 390 2039 Talia
416 2005 626 2045 deprompsit:

214 2079 221 2086 .
250 2053 338 2093 Veni,
366 2053 577 2094 dilectissime,

299 2100 395 2132 Serve
418 2100 462 2131 mi
485 2098 600 2139 fidelis,

253 2148 321 2179 lam
347 2146 568 2179 delicatissime

300 2193 482 2226 Laetaberis
506 2193 541 2224 in
566 2191 670 2223 caelis.

222 2278 228 2283 .
252 2247 496 2292 Hipponessdum
520 2249 554 2280 in
580 2248 693 2279 cellula

253 2297 404 2329 Inthuius
428 2297 537 2328 mortis
561 2295 673 2327 horula

301 2343 431 2375 Sederet
453 2342 655 2382 Augustinus,

913 209 1028 240 Anima
1051 206 1236 238 sanctissimi

915 254 1070 294 Apparuit
1095 252 1251 291 Ieronymi

962 300 1116 340 Splendor
1139 301 1175 330 ut
1200 298 1333 336 divinus,

918 347 1179 385 Praeconceptam
1204 343 1416 384 quaestionem

917 393 1071 425 Solvendo
1095 401 1153 431 per
1176 391 1327 422 rationem

963 439 1099 471 Caelitus
1125 439 1295 477 expertam.

847 487 885 518 V.
912 485 960 517 De
985 485 1111 517 caelesti
1134 483 1309 516 hierarchia

916 532 1008 563 Hunc
1030 531 1179 563 instruxit
1201 530 1253 561 hic
1275 529 1309 560 in
1333 528 1385 561 via

962 578 1121 610 Unitatem
1143 576 1291 607 trinitatis

962 624 1159 655 Declarando
1183 622 1243 653 sibi
1268 622 1353 653 satis.

974 709 1019 740 In
1045 709 1075 740 3.
1101 706 1327 738 Nocturno.

1059 761 1248 797 Antiphonae.

861 812 891 843 1.
917 810 1082 841 Habitavit
1105 809 1214 840 sedulo

915 856 952 887 In
975 856 1036 888 Dei
1059 854 1259 887 tabernaculo

963 903 1144 940 Ieronymus
1168 900 1307 940 insignis,

918 949 1025 980 Palam
1050 955 1171 986 quoque
1196 946 1335 977 clanculo

918 994 1046 1025 Restitit
1069 994 1101 1024 in
1126 992 1249 1023 saeculo

964 1039 1125 1071 Perversis
1151 1041 1182 1069 et
1204 1037 1357 1076 malignis.

884 1119 892 1127 .
918 1095 967 1126 De
990 1095 1126 1134 pretioso
1150 1092 1258 1131 lapide

920 1141 1071 1173 Coronam
1095 1141 1128 1171 in
1152 1139 1255 1178 capite

964 1188 1042 1219 Eius
1067 1186 1209 1227 posuisti,

921 1234 1011 1265 Vitae
1034 1232 1259 1272 longitudinem

918 1280 956 1311 In
980 1280 1074 1322 caelo,
1099 1283 1185 1310 terra
1209 1278 1358 1309 caelibem

964 1326 1005 1358 Ei
1029 1325 1177 1357 tribuisti.

886 1409 893 1415 .
921 1382 1042 1423 Populi,
1068 1380 1237 1418 laetamini,

920 1428 963 1459 Et
988 1436 1040 1459 vos
1066 1426 1239 1468 elevamini,

968 1475 1080 1506 Portae
1104 1473 1288 1511 aeternales,

919 1520 1047 1552 Transit
1071 1521 1110 1551 de
1134 1518 1318 1550 sublimibus

919 1568 1101 1605 Ieronymus
1128 1565 1304 1597 concivibus

966 1613 1019 1644 Ad
1042 1613 1168 1651 nuptias
1193 1611 1325 1651 regales.

1054 1677 1257 1712 Responsoria.

887 1752 893 1758 .
922 1726 1014 1757 Venit
1041 1725 1178 1764 baptista
1203 1723 1368 1755 salvatoris

921 1772 969 1804 De
993 1771 1135 1811 supernis
1162 1771 1240 1802 caeli
1266 1770 1368 1800 choris

969 1818 1046 1851 Cum
1069 1820 1176 1849 sancto
1201 1817 1367 1855 Ieronymo

967 1865 1083 1897 Dicens
1107 1864 1294 1903 Augustino:

918 1912 980 1943 Hic
1006 1914 1090 1942 certe
1114 1919 1200 1941 meus
1224 1910 1335 1949 socius,

922 1959 1018 1997 Quem
1041 1960 1077 1988 tu
1099 1957 1198 1996 vides,
1224 1956 1416 1997 leronymus,

968 2004 1116 2043 Aequalis
1140 2004 1216 2034 mihi
1241 2003 1358 2043 oppido

968 2051 1028 2082 Est
1050 2051 1084 2082 in
1107 2050 1186 2081 caeli
1210 2050 1335 2089 gaudio.

854 2099 890 2132 V.
922 2098 1010 2130 Sicut
1033 2097 1133 2129 Deum
1159 2097 1259 2136 video,

970 2144 1022 2176 Sic
1046 2147 1078 2175 et
1100 2144 1170 2184 ipse
1193 2144 1290 2182 videt,

923 2191 1088 2231 Cognoscit
1112 2194 1143 2222 et
1166 2190 1330 2230 intellegit,

968 2238 1039 2270 Non
1065 2238 1197 2277 amplius
1223 2236 1381 2269 formidet.

869 2296 899 2326 2.
926 2293 1070 2325 Silvanus
1095 2294 1221 2333 praesul
1244 2293 1371 2324 inclitus

968 2341 1013 2372 Et
1034 2340 1220 2372 Sabinianus
