1650 2542
678 126 907 161 -95-.

162 210 194 242 4.
220 209 385 244 Fluctuum
412 216 542 248 saevitie

266 257 389 291 Nautae
414 265 610 301 conquassati

218 303 323 336 Sancti
349 306 502 340 beneficia

262 351 454 385 Praedicant
476 356 599 390 salvati.

160 406 190 437 5.
217 405 299 437 Dum
324 408 444 441 devotis
468 412 608 450 poscitur

261 453 411 487 Precibus
437 458 573 496 cupitam

213 498 379 532 Defunctis
404 504 555 535 asseritur

261 546 406 579 Rediisse
429 549 533 584 vitam.

327 620 373 647 Ad
393 622 576 651 Benedictus.

142 674 180 706 A.
212 675 329 707 Christi
353 679 439 717 pugil
465 680 595 712 eximius

206 720 250 752 Et
273 723 416 761 pontifex
442 727 582 767 egregius

210 768 247 799 In
272 769 331 800 hac
357 771 408 802 die
433 773 580 805 caelestia

209 814 434 855 Triumphator
459 820 499 850 ad
528 821 642 859 gaudia

885 224 1033 255 Introivit
1056 223 1191 256 feliciter

882 269 950 301 Deo
976 269 1081 302 fruens
1106 271 1296 310 perenniter.

952 391 995 422 In
1022 393 1052 424 2.
1079 392 1290 431 vesperis,

997 482 1041 509 Ad
1060 483 1235 519 Magnificat.

814 549 851 581 A.
883 548 1014 588 Christe,
1040 549 1138 581 virtus
1163 550 1376 593 pugnantium,

882 594 1002 626 Corona
1026 596 1291 636 triumphantium,

883 640 947 672 Nos
972 650 1120 680 praesens
1145 645 1217 681 post
1242 643 1383 674 exsilium

881 687 1011 719 Henrici
1036 697 1093 727 per
1117 688 1296 729 suffragium

882 734 1005 765 Perduc
1029 735 1069 766 ad
1095 743 1207 774 perpes
1233 736 1388 775 gaudium,

883 779 947 817 Quo
974 782 1073 811 tecum
1099 790 1222 820 semper
1247 783 1381 813 omnium

881 825 1006 859 Gaudet
1031 830 1134 858 coetus
1160 827 1309 862 fidelium.

214 878 295 906 Brev.
316 880 497 915 Lineopense
516 884 584 919 imp.
605 886 813 922 Norimbergae
834 887 914 916 1493.
934 905 972 909 —
991 891 1124 924 Hymnus
1146 892 1177 917 in
1199 890 1223 918 1.
1237 892 1339 927 Vtsp.:
1365 892 1417 919 As-

139 917 207 941 sunt
234 916 309 943 festa
335 918 461 945 celebria
485 918 660 958 (Klemming
679 924 700 956 I,
725 922 800 959 126);
826 926 862 952 ad
881 927 974 954 Noeta
1003 928 1112 954 Christi
1140 929 1221 956 miles
1250 928 1417 964 magnificus

135 950 216 986 (ibid.
241 951 320 989 127);
342 955 378 981 ad
397 955 528 984 Laudes:
549 958 674 987 Exsulta
693 960 764 988 Sion
783 962 845 990 filia
862 962 942 998 (ibid.
964 962 1035 999 133).

551 1057 595 1089 33.
627 1059 668 1090 De
688 1062 793 1093 sancto
815 1062 1004 1101 Hieronymo.

274 1123 319 1154 In
347 1123 375 1155 1.
404 1124 610 1164 Vesperis.

321 1194 366 1222 Ad
385 1196 560 1232 Magnificat.

132 1249 171 1283 A.
204 1250 228 1282 O
254 1251 507 1285 Christicolarum
533 1256 574 1286 lu
583 1266 603 1288 x

248 1297 276 1328 D
285 1307 305 1328 u
314 1307 335 1329 x
345 1322 352 1338 ‚
379 1308 433 1331 vas
457 1301 671 1345 abstinentiae,

203 1343 227 1375 Ο
253 1344 476 1383 scripturarum
504 1358 520 1379 v
530 1348 541 1378 i
552 1358 571 1388 g
580 1358 597 1380 o
607 1359 623 1380 r

247 1390 276 1421 R
284 1390 295 1420 i
303 1400 323 1430 g
332 1400 349 1422 0
359 1401 375 1422 r
399 1394 618 1438 paenitentiae,

201 1435 411 1469 Eremitarum
436 1438 451 1470 f
458 1448 475 1471 o
485 1450 501 1471 r
509 1450 539 1471 m
548 1450 567 1472 a
577 1464 584 1480 ,

248 1483 279 1514 N
288 1492 306 1514 o
316 1493 333 1514 r
341 1493 372 1515 m
381 1494 399 1516 a
425 1487 633 1519 continentiae

202 1527 355 1561 Sacerdos
385 1530 573 1574 felicissime,

244 1576 367 1608 Lucens
391 1579 566 1619 ardensque
591 1581 727 1622 lucerna,

199 1622 389 1662 Hieronymo
413 1625 593 1665 clarissime,

242 1668 307 1700 Nos
329 1672 426 1710 tuere,
453 1680 508 1703 nos
533 1673 681 1712 guberna.

259 1762 318 1794 Ad
343 1764 601 1800 Matutinum.

324 1835 535 1865 Invitatorium.

192 1890 282 1931 Voto,
309 1900 385 1924 voce
408 1894 586 1938 Dominum,

236 1937 359 1977 Venite,
386 1940 561 1982 adoremus,

191 1985 361 2017 Vocantem
386 1987 610 2028 Hieronymum

236 2032 289 2064 Ad
314 2036 400 2065 astra
425 2035 647 2070 collaudemus,

250 2126 294 2158 In
323 2128 351 2159 1.
377 2127 606 2163 Nocturno.

329 2200 520 2236 Antiphonae.

131 2256 161 2289 1.
189 2255 304 2287 Literis
328 2256 494 2290 Hebraicis

188 2302 318 2335 Graecis
345 2306 376 2335 et
399 2305 551 2338 Latinicis

232 2350 386 2383 Eruditus
411 2352 498 2392 satis,

875 1133 1046 1172 Insignitur
1069 1133 1216 1174 moribus,

874 1178 1016 1210 Fulcitur
1040 1179 1208 1212 honoribus

919 1225 1022 1256 Mirae
1048 1226 1218 1265 dignitatis.

814 1291 844 1321 2.
872 1290 1048 1321 Cardinalis
1072 1290 1238 1329 presbyter

869 1336 973 1374 Atque
996 1336 1183 1368 mirabiliter

916 1381 1033 1413 Doctor
1059 1383 1245 1425 divulgatur,

867 1428 991 1460 Summo
1016 1430 1192 1461 sacerdotio

869 1475 980 1513 Populi
1005 1475 1126 1507 devotio

913 1521 1048 1561 Dignum
1072 1523 1154 1553 hunc
1179 1525 1321 1555 testatur.

832 1610 839 1617 .
867 1585 978 1617 Carnis
1004 1587 1077 1618 dum
1101 1589 1267 1627 spurcitias

866 1632 1012 1672 Clerique
1036 1635 1171 1666 malitias

911 1679 997 1710 Dure
1020 1681 1211 1721 reprobavit,

862 1725 985 1757 Insanis
1010 1726 1147 1769 invidiis,

861 1771 990 1804 Vesanis
1015 1773 1139 1805 insidiis

908 1819 1028 1852 Cedens
1054 1821 1220 1853 exsulavit.

1000 1922 1202 1957 Responsoria-

827 2010 834 2017 .
859 1986 992 2019 Tractus
1017 1989 1058 2020 ad
1083 1989 1220 2021 tribunal
1244 1991 1367 2035 iudicis,

861 2032 976 2065 Caesus
1000 2033 1132 2076 flagellis
1155 2037 1325 2076 tartaricis,

859 2078 958 2112 Sectis
984 2083 1080 2114 cassis
1106 2083 1304 2128 Ciceronicis‚

858 2125 959 2158 Dictis
983 2130 1138 2167 promittit
1161 2131 1309 2163 veridicis

858 2173 969 2205 Verbis
994 2175 1125 2208 haerere
1147 2177 1331 2211 Dominicis.

819 2242 826 2250 .
856 2218 932 2251 Mox
958 2222 1109 2254 dulcescit
1130 2222 1269 2264 fulgidus

903 2266 1084 2309 Scripturae
1107 2280 1216 2303 sacrae
1240 2272 1353 2313 vultus,

857 2312 951 2345 Cuius
975 2324 1076 2348 sermo
1100 2318 1220 2357 rigidus

901 2359 1060 2394 Horrebat
1082 2367 1118 2395 ut
1140 2365 1287 2399 incultus.
