1650 2542
716 128 969 163 —164—

285 227 379 265 Quem
408 234 479 257 caro
504 234 564 257 non
587 224 685 256 allicit

333 273 382 303 vel
407 273 505 303 solum
528 271 640 309 natale,

287 318 394 356 Nobis,
419 321 518 357 pater,
543 318 676 356 impe-,ra

330 373 455 403 regnum
481 363 647 395 aeternale.

246 433 252 440 .
286 410 309 441 O
334 410 468 440 intactae
491 408 536 440 fili
560 408 677 446 matris,

330 456 477 486 miserere
499 454 621 485 miseris

284 501 387 539 Atque
409 508 502 539 prece
526 500 625 530 sancti
649 498 747 537 patris

328 555 383 577 nos
409 546 557 585 coniunge
581 544 712 584 superis.

341 656 384 687 In
410 658 440 688 2.
467 655 688 686 Nocturno.

417 727 607 762 Antiphonae.

251 807 257 813 .
283 783 423 822 Domine,
449 784 501 822 qui
523 783 646 814 habitas

329 829 359 859 in
384 832 487 860 monte
511 829 628 868 salutiS,

285 874 349 906 Nos
372 884 429 913 per
452 876 552 907 sancti
574 875 685 906 merita

328 919 378 952 fae
400 921 529 952 heredes
552 921 640 953 lucis.

228 980 259 1006 ‘.
286 976 322 1006 In
351 975 474 1014 virtute,
499 977 640 1015 Domine,

329 1024 382 1052 tua
405 1022 554 1060 gloriatur

284 1067 423 1106 Sanctus,
455 1068 539 1099 cuius
563 1068 657 1098 hodie

330 1111 441 1144 festum
467 1114 649 1146 celebratur.

251 1191 259 1198 .
285 1166 352 1197 Tua
376 1170 423 1198 est
445 1177 473 1206 0,
500 1167 639 1207 Domine,

329 1214 431 1244 terrae
453 1214 624 1251 plenitudo,

286 1258 377 1290 Cuius
401 1259 642 1298 archipraesulis

334 1302 432 1343 fulget
455 1306 640 1336 sanctitudo.

252 1384 259 1389 .
286 1358 472 1390 Benedieam
495 1360 626 1391 Domino

332 1407 471 1443 tempore
494 1406 633 1448 perenni,

283 1450 340 1489 Qui
363 1451 495 1482 caeleste
518 1451 657 1482 bravium

333 1497 463 1528 contulit
486 1497 626 1530 Iohanni.

253 1575 260 1582 .
286 1551 331 1582 Te
356 1552 445 1582 decet
466 1553 499 1582 in
522 1552 595 1583 Sion

329 1598 467 1640 hymnus,
501 1607 518 1629 o
542 1598 683 1636 Domine,

284 1644 341 1680 Qui
370 1646 508 1675 sanctum
533 1645 665 1675 collocas

329 1689 361 1720 in
387 1690 464 1720 caeli
489 1691 630 1722 eulmine.

241 1745 261 1777 '.
288 1742 434 1774 Confiteri
459 1744 571 1775 bonum
595 1747 642 1775 est

331 1789 397 1830 tibi,
422 1791 494 1821 Iesu
518 1790 607 1832 bone,

285 1835 342 1872 Qui
366 1836 482 1866 ornasti
506 1837 681 1875 praesulem

331 1889 443 1912 corona
468 1883 594 1921 gloriae.

417 1955 617 1989 Responsoria.

252 2034 261 2042 .
286 2008 435 2040 Sunamiti
458 2019 586 2049 puerum

331 2055 436 2086 reddit
459 2055 611 2096 Elisaeus,

286 2101 445 2139 Sycomori
469 2102 602 2134 culmina

331 2147 472 2178 ascendit
499 2148 665 2188 Zachaeus,

285 2192 406 2225 Relicto
430 2193 551 2225 teloneo

332 2239 495 2278 praedicat
517 2240 703 2282 Matthaeus,

286 2285 354 2317 Hoc
383 2286 416 2316 in
440 2289 546 2317 sancto
570 2288 714 2325 praesule

332 2334 545 2371 repraesentat
568 2333 670 2374 Deus3

879 221 915 252 V.

880 2291 920 2322 A.

946 220 1043 252 Matri
1067 220 1175 251 reddit
1198 227 1338 258 puerum,

993 275 1127 297 eremum
1154 264 1344 302 conscendit,

947 313 1067 351 Spretis
1095 312 1190 343 lucris
1215 310 1332 343 saeculi

994 359 1035 390 ad
1060 367 1195 399 superna
1219 357 1330 389 tendit.

944 414 1026 445 Dum
1055 413 1196 444 membra
1218 413 1332 444 lectulo

995 460 1085 491 daret
1107 462 1178 498 post
1202 459 1352 498 laborem,

944 506 1077 538 Immisit
1100 506 1131 536 in
1158 514 1226 536 eum

993 552 1143 583 Dominus
1168 560 1322 590 soporem,

947 599 1042 629 Astat
1064 598 1192 637 angelus

990 644 1117 675 indutus
1145 644 1298 681 decorem,

947 690 991 722 Ut
1014 690 1124 720 cellam
1150 692 1321 730 construat,

993 738 1097 767 monet
1121 734 1349 778 confessorem,

947 782 1079 814 Pellitur
1105 782 1247 813 dubietas

993 828 1078 859 trina
1097 828 1226 867 visione,

946 874 988 905 Et
1013 874 1103 905 iussis
1129 874 1325 913 obtemperat

993 928 1062 950 cum
1088 920 1261 951 devotione.

914 1002 919 1006 .
945 976 1099 1007 Invictum
1122 975 1303 1015 aggreditur

993 1030 1070 1060 opus
1096 1021 1235 1062 eremita,

946 1067 1008 1099 Sed
1033 1067 1137 1098 obstat
1160 1067 1375 1107 archangelus,

990 1121 1030 1144 ne
1053 1122 1103 1144 res
1127 1112 1182 1145 fiat
1206 1114 1260 1155 ita,

946 1159 1027 1190 Nam
1051 1161 1202 1191 nocturno
1227 1163 1368 1198 tempore

991 1206 1076 1244 ligna
1100 1205 1234 1245 levigata

947 1252 984 1282 In
1009 1254 1143 1282 montem
1169 1252 1343 1290 oppositum

994 1299 1085 1328 nocte
1109 1300 1181 1328 sunt
1205 1298 1374 1337 translata,

910 1367 915 1373 ,
946 1344 1127 1374 Admiranti
1150 1343 1301 1375 Dominus

995 1390 1152 1421 columbas
1176 1390 1360 1429 transmisit,

949 1435 1029 1473 Quas
1054 1444 1185 1475 sequens
1210 1445 1282 1467 mox
1306 1437 1448 1475 repperit

991 1490 1078 1521 opus,
1105 1483 1186 1521 quod
1211 1482 1324 1514 amisit,

914 1561 921 1567 .
946 1536 1038 1568 Felix
1063 1537 1159 1575 locus,

995 1581 1071 1613 felix
1096 1583 1236 1625 ecelesia,

946 1629 983 1660 In
1008 1637 1069 1667 qua
1092 1629 1193 1659 sancti

994 1675 1077 1713 viget
1100 1676 1258 1717 memoria,

948 1719 1039 1750 Felix
1063 1724 1158 1762 terra,

995 1775 1073 1804 quae
1099 1767 1187 1798 dedit
1210 1768 1397 1808 praesulem,

947 1812 1038 1844 Felix
1061 1813 1127 1852 illa,

993 1868 1073 1899 quae
1097 1858 1184 1892 fovet
1208 1861 1354 1904 exsulem,

949 1904 1050 1944 Felix,
1077 1909 1177 1947 pater,

997 1960 1144 1983 succurre
1165 1953 1298 1992 miseris,

949 1998 995 2030 Ut
1018 1996 1125 2028 felices

995 2044 1159 2083 iungamur
1183 2044 1316 2082 superis.

1007 2163 1050 2194 In
1077 2165 1107 2196 3.
1133 2162 1357 2198 NocturnO.

1091 2234 1135 2261 Ad
1156 2235 1283 2263 Cantica.

951 2291 975 2322 O
1000 2290 1120 2329 lampas
1143 2293 1302 2332 ecclesiae,

999 2337 1165 2375 Speculum
1190 2339 1326 2381 virtutis,
