1650 2542
279 236 309 267 3.
335 233 469 273 Spiritus
493 234 591 265 sancti
615 234 715 274 gratia

332 281 369 312 In
393 282 425 310 te
447 280 514 311 sine
534 278 659 311 fallacia

377 326 547 357 Descendit
572 334 639 356 cum
664 327 787 365 virtute,

332 372 426 403 Nulla
455 372 496 402 sit
519 373 702 412 pertinacia,

332 418 431 449 Crede
456 426 522 448 cum
548 417 695 457 efficacia,

377 464 512 503 Angeluf
540 464 617 494 dixit
643 466 715 494 tute.

263 510 300 542 V.
330 509 443 540 Divina
467 510 619 548 sapientia

331 556 542 593 Immensaque
564 556 703 592 potentia

375 600 461 632 Haec
485 600 557 631 fient
583 609 639 639 pro
664 601 772 632 salute.

387 741 433 771 In
461 740 490 771 3.
516 738 738 772 NocturnO.

468 829 659 865 Antiphonae.

273 886 302 917 1.
329 885 429 916 Notus
454 886 537 917 Deus
561 886 593 916 in
617 887 716 918 Israel

377 931 473 962 Nobis
498 932 540 962 sit
562 931 754 972 manifestus,

328 977 418 1007 Hunc
441 978 596 1008 nuntiavit
621 977 757 1018 Gabriel,

376 1022 431 1054 Cui
454 1022 509 1054 fiat
535 1023 599 1054 dies
625 1023 730 1058 festus

271 1079 302 1109 2.
331 1078 425 1115 Quem
450 1079 551 1117 angeli
577 1087 645 1109 cum
669 1080 781 1119 gaudio

373 1124 517 1155 Adorant
540 1125 726 1166 mirabundi,

326 1169 417 1200 Hunc
441 1173 546 1201 natum
569 1171 602 1201 in
626 1172 788 1210 praesepio

374 1216 568 1247 Proclamant
592 1217 783 1251 laetabundi.

272 1272 302 1303 3.
329 1270 466 1301 Ministri
489 1271 546 1302 Dei
572 1272 710 1312 spiritus,

374 1318 483 1348 iuvate
506 1326 562 1348 nos
587 1319 698 1357 sereni,

325 1363 369 1394 Ut
392 1364 487 1393 simus
511 1364 637 1394 tandem
662 1365 788 1396 caelitus

372 1409 496 1440 Amoris
520 1409 592 1448 igne
615 1410 709 1448 pleni.

463 1500 666 1535 Responsoria.

273 1555 302 1588 1.
328 1556 422 1594 Audi,
449 1556 545 1596 virgo,
571 1558 761 1596 mysterium,

330 1601 490 1641 Concipies
517 1612 599 1634 nunc
620 1603 727 1643 filium,

373 1649 474 1679 Iesum
500 1658 589 1687 quem
615 1651 799 1691 appellabis,

327 1695 458 1733 Magnus
482 1695 534 1725 hic
556 1696 624 1737 erit,
651 1697 762 1728 solium

327 1740 458 1772 Tenebit
482 1743 513 1770 et
536 1741 699 1779 imperium

374 1786 476 1816 Patris
500 1786 614 1826 David,
640 1788 773 1828 notabis,

257 1831 293 1864 V.
320 1831 490 1862 Aeternum
513 1833 573 1864 hoc
596 1834 773 1875 dominium,

325 1878 502 1916 Regnorum
526 1878 617 1910 finem
642 1882 775 1913 omnium

372 1924 505 1955 Indubie
527 1926 685 1964 probabis.

270 1980 299 2009 2.
325 1978 495 2010 Turbatam
518 1980 551 2010 in
575 1982 703 2014 consilio

326 2024 460 2055 Mariam
483 2034 541 2064 pro
565 2027 684 2066 eloqv³o

371 2071 507 2111 Legatus
533 2074 708 2105 consolatur

327 2116 436 2147 Veraci
459 2118 644 2159 testimonio,

327 2162 375 2194 De
397 2162 561 2194 Elisabeth
584 2166 727 2205 prodigio

372 2207 542 2241 Affirmans
566 2214 771 2250 protestatur:

260 2257 296 2288 V.
327 2255 370 2287 Ut
390 2255 447 2286 illa
469 2265 643 2296 praegnans
667 2257 732 2290 filio

323 2302 394 2333 Non
420 2302 459 2333 de
482 2303 542 2333 viri
567 2305 729 2345 consortio,

374 2348 485 2387 Maria,
513 2348 579 2389 fies,
605 2349 696 2385 fatur.

792 138 1022 173 —43-

1083 231 1127 263 In
1151 231 1374 262 Laudibus

1135 313 1326 347 Antiphonae.

939 371 968 403 1.
994 370 1145 402 Decorem
1170 369 1255 401 Deus
1279 369 1391 405 induit,

991 416 1072 448 Dum
1101 416 1191 447 homo
1217 414 1318 447 factus
1343 416 1444 454 patuit

1040 464 1076 494 111
1107 462 1209 492 medio
1233 464 1397 501 terrarum,

994 509 1083 540 Tunc
1108 507 1236 539 Gabriel
1260 508 1396 539 inso1n¹³t

993 555 1037 586 Et
1060 554 1174 593 virgini
1198 554 1320 593 aperuit

1040 599 1200 633 Profunda
1222 601 1457 639 scripturarum.

962 683 968 689 .
994 656 1126 688 Introite
1150 664 1220 687 cum
1239 656 1354 695 gaudio

993 703 1030 734 In
1056 703 1163 734 domus
1191 702 1251 733 Dei
1275 702 1354 733 atrio

1041 749 1196 780 Gabriclis
1222 748 1339 779 honore

992 796 1036 827 Et
1059 795 1170 826 mentis
1196 803 1263 825 cum
1285 794 1423 833 tripudio

994 841 1115 873 Servite
1139 841 1198 872 Dei
1221 840 1286 871 filio

1040 888 1197 919 Timentes
1221 895 1289 917 cum
1311 894 1424 917 amore.

959 967 966 974 .
993 944 1029 974 In
1054 947 1139 973 terra
1164 942 1278 973 dudum
1302 941 1388 972 invia

993 990 1133 1020 Ardente
1157 988 1215 1019 Dei
1240 987 1351 1026 gratia,

1037 1034 1196 1074 Apparuit
1218 1034 1264 1064 sic
1287 1033 1382 1068 Deus,

993 1081 1041 1112 Sit
1066 1080 1207 1112 Gabrieli
1231 1079 1341 1118 gloria,

991 1128 1087 1166 Quem
1113 1126 1244 1157 vidimus
1268 1125 1301 1155 in
1326 1124 1439 1165 patria,

1037 1173 1099 1205 Ubi
1125 1175 1173 1203 est
1196 1172 1286 1202 homo
1312 1179 1393 1203 reuS.

958 1253 964 1260 .
993 1227 1183 1266 Benedicite,
1209 1227 1326 1257 lumina

990 1274 1032 1305 Et
1057 1274 1235 1313 angelorum
1258 1273 1391 1312 agmina,

1038 1319 1223 1351 Cunctorum
1249 1321 1431 1358 creatorem,

990 1366 1072 1397 Huic
1094 1366 1264 1405 psallamus
1290 1365 1437 1404 carmina,

990 1413 1046 1450 Qui.
1069 1421 1150 1443 nova.
1172 1412 1246 1443 tulit
1268 1410 1386 1442 famina

1036 1457 1236 1490 Proclamans
1261 1458 1457 1490 salvatorem.

1102 1541 1147 1567 Ac]
1168 1541 1348 1568 Benedictus.

957 1622 963 1629 .
993 1598 1039 1628 Te
1061 1598 1223 1628 laudamus
1249 1599 1464 1636 congruenter,

994 1644 1049 1681 Qui
1077 1644 1132 1674 das
1156 1643 1245 1674 nobis
1270 1643 1459 1674 excellenter

1038 1689 1154 1721 Laudis
1179 1690 1283 1720 thema
1306 1689 1474 1731 placidum,

990 1736 1059 1766 Ave
1084 1744 1196 1766 canens
1221 1738 1419 1775 apparenter,

993 1782 1117 1813 Intrans
1143 1782 1266 1813 domum
1290 1782 1460 1821 sapienter,

1039 1827 1158 1867 Corpus
1183 1827 1286 1860 ferens
1310 1829 1459 1868 lucidum,

993 1874 1072 1905 Dum
1097 1875 1231 1906 Mariam
1256 1878 1437 1906 reverenter

993 1920 1163 1953 Salutando
1189 1923 1382 1961 gratulanter

1041 1968 1177 1999 Verbum
1202 1967 1326 2007 profers
1351 1968 1502 2001 roridum.

1058 2087 1103 2117 In
1128 2089 1158 2119 2.
1184 2088 1399 2127 Vesperis.

1104 2160 1149 2188 Ad
1167 2160 1343 2195 Magnificat-

956 2240 962 2247 .
993 2215 1046 2246 Ad
1070 2224 1127 2246 nos
1152 2217 1233 2257 veni,
1259 2226 1373 2256 praeco
1398 2219 1461 2259 pie,

1040 2260 1177 2304 Gabriel,
1202 2263 1263 2294 Dei
1287 2264 1453 2306 caelorum,

993 2308 1061 2339 Ave
1087 2308 1177 2341 dulce
1202 2309 1252 2340 dic
1275 2310 1398 2344 Mariae

1039 2354 1153 2385 Tecum
1180 2356 1295 2388 ducens
1312 2358 1391 2389 caeli
1409 2359 1536 2392 chorum
