1650 2542
688 133 941 168 —259—

239 213 313 245 Non
325 217 443 248 sentire
455 222 528 257 post
543 221 602 253 hoc
617 224 783 267 infernum,

238 260 344 300 Aptae
368 271 496 303 regnum
522 268 563 299 ad
587 273 757 307 aeternum.

238 313 362 369 Lauda,
387 319 492 351 anima
515 320 629 364 fidelis,

237 360 316 392 Tam
339 363 372 394 in
397 367 491 407 terra,
519 377 610 407 quam
633 372 666 403 in
691 375 785 404 caelis

237 406 328 439 Lucii
352 411 568 450 migrationem

235 452 279 484 Et
303 455 335 486 in
361 458 457 489 caelis
482 464 723 498 generationem

205 533 212 539 .
238 508 382 542 Laudate
403 512 514 556 Deum,
540 517 592 555 qui
618 518 716 550 bonus
714 539 726 557 ‚

237 554 296 593 Qui
319 560 444 596 peccati
468 562 553 592 tollit
577 572 663 603 onuS,

234 601 279 633 Ut
302 612 365 635 non
386 607 547 647 contingat
565 610 665 649 peius,

235 647 300 679 Nos
325 655 431 682 servet
455 654 495 685 acl
519 664 630 694 preces
657 658 731 689 eius.

174 704 204 734 ἔ.
232 703 352 746 Lauda,
379 708 550 740 Ierusalem
575 720 720 754 superna,

231 750 291 781 Tui
317 753 401 784 cives
425 758 457 785 et
479 756 608 788 lucerna

233 795 390 838 Gaudent,
417 801 470 839 qui
494 802 578 833 lucet
601 805 674 845 reis,

234 842 319 874 Ince
343 853 405 884 qua
427 848 591 887 iungamur
616 851 671 883 eis.

349 917 394 944 Ac]
412 920 589 955 Mag-nificat.

191 995 197 1002 .
229 972 375 1012 Suscepit
399 975 484 1007 Deus
509 987 640 1017 puerum

227 1018 323 1049 Suum
349 1020 474 1053 beatum
500 1023 631 1056 Lucium

225 1064 275 1095 De
300 1067 383 1097 valle
406 1069 551 1101 miseriae

224 1112 277 1142 Ad
303 1113 448 1144 thronum
473 1116 601 1154 gloriae,

225 1157 390 1189 Collocans
415 1169 483 1190 eum
509 1162 603 1192 hodie

224 1203 301 1235 Cum
326 1206 445 1243 angelis
468 1207 500 1238 in
525 1208 642 1247 requie,

223 1249 321 1287 Quam
347 1252 493 1289 promisit
515 1253 664 1285 Abrahae

220 1295 263 1326 Et
288 1297 401 1328 semini
426 1298 491 1330 eius
515 1299 550 1330 in
574 1302 708 1334 saecula.

288 1409 350 1440 Ad
374 1410 635 1445 Matutinum.

351 1482 565 1511 Invitatorium.

217 1538 395 1571 Adoremus
420 1549 525 1580 regem
549 1545 731 1584 martyrum,

219 1584 278 1622 Qui
297 1587 457 1618 coronavit
475 1590 615 1619 sanctum
632 1589 763 1622 Lucium

215 1630 260 1661 Et
283 1640 548 1673 praeoccupemus
573 1634 686 1668 faciem

212 1677 291 1709 Eius
315 1679 349 1710 in
375 1679 579 1713 confessione.

275 1799 321 1830 1n
347 1800 378 1833 1.
404 1800 632 1837 Nocturno.

355 1873 547 1908 Antiphonae.

176 1954 183 1959 .
209 1929 372 1961 Mediator
395 1930 474 1970 legis
500 1932 634 1973 divinae,

210 1975 300 2008 Sicut
312 1976 429 2016 lignum
442 1986 531 2009 secus
546 1988 642 2019 aquas
658 1981 760 2013 viride

209 2023 472 2063 Transplantatus
504 2029 626 2065 martyr
648 2027 759 2060 beatus

209 2068 272 2102 Pro
284 2070 450 2102 Christose
456 2072 584 2104 tradens
591 2075 758 2116 supplicio,

208 2117 247 2148 In
272 2117 351 2148 caeli
376 2121 543 2150 coronatur
566 2120 654 2152 solio.

171 2197 179 2204 .
205 2172 244 2203 In
267 2173 410 2206 Romana
434 2175 620 2207 constitutus
644 2177 720 2208 sede

206 2217 294 2249 Sicut
318 2229 428 2254 aurum
451 2221 486 2252 in
510 2222 628 2254 virtute

204 2265 358 2299 Probatus
383 2268 570 2309 patientiae,

204 2312 309 2343 Fulsit
332 2315 368 2344 ut
391 2315 439 2346 sol
461 2315 495 2346 in
521 2324 627 2347 amore

203 2359 370 2391 Fundatus
395 2362 578 2401 sapientiae.

856 232 885 263 3.
910 231 946 263 In
971 234 1162 271 apostolatus
1187 236 1298 267 sedens
1325 238 1457 270 culmine

914 276 1021 309 Certat
1042 280 1074 309 in
1099 282 1277 322 certamine,

912 323 971 354 Dei
996 323 1093 357 fretus
1118 336 1246 359 munere

911 370 1049 402 Palmam
1074 371 1136 404 fert
1158 374 1320 409 victoriae.

1044 446 1247 481 Responsoria.

854 496 884 529 1.
910 498 1037 531 Electus
1062 501 1122 532 Dei
1145 503 1287 542 pontifex

909 544 952 575 Et
974 549 1096 586 martyr
1119 548 1234 581 Lucius

908 590 1117 624 Romanorum
1142 597 1298 633 patienter

906 636 1025 669 Ferens
1053 643 1294 678 persecutiones

907 682 968 714 Sed
991 685 1095 717 divino
1110 688 1284 720 adhaerens
1302 692 1448 723 mandato

906 729 1116 769 Parvipendet
1138 735 1245 765 taedia
1267 736 1369 777 vitae3

836 775 872 807 V.
901 776 1109 808 Intendemnt
1133 788 1239 811 arcum
1264 791 1361 821 s‚uum

904 821 1120 862 Utmartyrem
1131 825 1446 861 delerentinnoxium.

846 877 876 907 2.
901 877 948 909 Ut
970 879 1017 908 sol
1040 877 1161 918 fulgens
1185 882 1218 912 in
1243 883 1359 914 virtute

902 923 1027 962 Martyr
1051 924 1110 956 Dei
1134 926 1259 967 Lucius,

903 971 1000 1007 Quem
1023 978 1080 1001 rex
1104 973 1248 1004 caelestis
1274 976 1377 1006 curiae

899 1014 990 1045 Dono
1017 1016 1144 1047 decorat
1168 1019 1295 1056 gloriae,

900 1060 963 1098 Spe
987 1062 1112 1092 caelesti
1136 1063 1320 1096 sublimatus

898 1106 1022 1145 Regnat
1042 1111 1163 1146 martyr
1188 1115 1361 1145 coronatus.

829 1150 865 1181 V.
895 1151 1049 1183 Deferens
1074 1157 1178 1185 autem
1202 1165 1306 1188 secum

897 1198 1002 1237 Opera
1024 1199 1173 1243 iustitiae,

895 1243 1031 1283 Propter
1055 1255 1134 1284 quae
1156 1248 1331 1288 perfruitur

893 1290 1046 1322 Praemiis
1071 1292 1219 1327 iustitiae.

838 1345 867 1376 3.
894 1344 953 1376 Vir
975 1345 1113 1387 inclitus,
1139 1353 1260 1390 martyr
1280 1351 1405 1391 Lucius

892 1391 1009 1431 Vigens
1033 1394 1150 1425 virtute
1174 1397 1356 1436 patientiae

892 1437 1006 1470 Mundi
1029 1439 1119 1472 huius
1143 1444 1265 1483 sprevit
1287 1445 1359 1487 ima,

893 1483 1080 1517 Constanter
1103 1489 1251 1520 sustinuit

890 1530 1126 1564 Tormentorum
1151 1537 1316 1577 supplicia,

890 1576 935 1607 Et
957 1586 1016 1616 per
1038 1579 1182 1612 immanis

936 1626 1081 1664 martyrii
1105 1628 1242 1666 palmam

890 1669 1004 1702 Sedem
1030 1674 1208 1706 caelestium

935 1718 1069 1757 adeptus
1095 1723 1141 1751 est
1165 1722 1290 1757 almam.

818 1762 857 1796 V.
884 1763 942 1801 Qui
966 1767 1070 1796 tentus
1096 1776 1115 1798 a
1139 1768 1288 1801 Romanis

888 1809 984 1842 Sacro
1008 1814 1172 1846 truncatur
1196 1817 1309 1856 capite,

889 1856 983 1888 Cuius
1008 1860 1121 1898 capitis
1144 1863 1258 1894 testam

886 1903 1040 1935 Praesens
1066 1904 1153 1938 fovet
1177 1909 1319 1943 ecclesia.

948 1997 994 2028 In
1019 1998 1050 2030 2.
1076 1998 1132 2030 No
1144 2003 1297 2034 cturno.

1028 2071 1220 2108 Antiphonae.

828 2124 859 2157 1.
883 2125 922 2156 In
945 2127 1020 2158 sede
1044 2128 1184 2162 Romana

887 2170 1048 2206 Gloriosus
1073 2177 1208 2217 emicuit,

884 2218 998 2251 Sancto
1021 2222 1161 2261 repletus
1186 2225 1299 2264 spiritu

882 2264 1019 2298 Virtutis
1044 2267 1176 2302 formam
1199 2272 1356 2311 praebuit.

826 2320 858 2351 2.
884 2321 978 2353 Scuto
1003 2325 1071 2363 spei
1093 2328 1308 2365 praemunitus

883 2367 1024 2402 Terrena
1049 2381 1111 2403 non
1133 2374 1253 2417 metuit,

1201 2426 1259 2455 17*
