1650 2542
696 143 950 178 —159—

196 227 228 258 3.
254 227 412 261 Mortuam

253 274 385 306 Viduam

255 319 327 351 Post
352 322 496 354 exsilium

253 365 424 399 Suscitavit

250 412 295 443 Et
317 422 336 444 a
358 417 459 445 morte
482 418 643 458 relevavit,

250 458 372 491 Viduae
395 460 504 501 filium,

250 504 370 537 Indixit
392 507 550 549 ieiunium,

249 550 372 591 Rogatu
395 552 533 586 fidelium

249 596 362 629 Condit
384 602 589 642 evangelium,

178 641 215 673 V.
247 642 413 677 Eructavit
438 648 563 679 verbum
586 649 710 690 bonum,

247 689 358 723 Dulcis
382 693 536 726 melodiae
560 704 679 730 sonum.

191 754 223 786 4.
252 755 277 786 Ο
302 757 478 790 sanctitatis
504 761 667 796 cumulum,

249 801 274 832 Ο
301 804 455 835 castitatis
479 807 649 849 speculum,

246 847 271 878 Ο
296 852 419 887 gratum
446 851 641 896 discipulum,

245 893 270 924 O
295 896 483 933 stupendum
508 898 702 939 miraculum,

243 939 331 971 Bibit
357 943 465 973 veneni
491 945 636 982 poculum

243 985 311 1017 Nec
335 989 431 1019 sentit
454 991 637 1031 periculum,

173 1030 212 1061 V.
242 1032 333 1064 Prius
358 1037 473 1066 stratos

241 1078 270 1108 A
296 1088 414 1112 veneno
440 1082 523 1113 vitae
549 1084 637 1115 datos

240 1123 310 1155 Suis
335 1127 443 1158 reddit
466 1129 642 1161 suscitatos.

1035 238 1079 265 Ad
1099 240 1278 268 Benedictus.

853 286 893 318 A.
922 287 1025 319 Cornu
1049 287 1172 318 virtutis

969 333 1054 364 Deus
1079 333 1171 373 erigit
1194 337 1287 373 atquc
1311 335 1419 365 salutis

921 380 959 411 In
984 380 1102 410 cunctis
1126 380 1219 411 hodie

970 426 1107 457 turribus
1132 427 1297 465 ecclesiae3

922 471 1012 502 Mens
1038 475 1069 503 et
1092 481 1161 511 vox,
1186 481 1297 512 pange,

967 518 1023 549 sub
1049 519 1165 550 honore
1181 520 1305 550 Ioannis
1330 528 1461 558 evange-

920 564 1011 595 listae
1033 565 1212 605 psallamus,

967 610 1016 641 cui
1040 620 1129 642 sacra
1153 614 1226 643 vota
1251 612 1368 643 damuS.

982 694 1025 725 Iu
1052 695 1081 725 2.
1111 694 1325 733 Vesperis.

1034 757 1078 784 Ad
1096 757 1271 793 Mag-nificat.

880 839 887 845 .
917 813 1052 851 Spiritus
1077 815 1221 853 exsultet,

965 860 1134 891 modulatio
1158 861 1242 892 laeta
1265 862 1404 897 resultet,

917 906 1010 937 Plebs
1036 907 1120 937 canit
1143 907 1221 937 haec
1244 907 1337 938 hodie

961 952 1083 983 cantica
1106 953 1254 992 laetitiae,

915 998 1008 1030 Unde
1029 998 1209 1029 Iohanninis

960 1044 1104 1081 precibus
1131 1043 1267 1076 defende
1290 1045 1388 1075 ruinis

915 1089 1046 1131 Christe,
1073 1093 1158 1121 tuum
1183 1091 1329 1130 populum

962 1137 1062 1175 daque
1087 1136 1158 1167 boni
1186 1137 1348 1168 cumulum.

241 1187 325 1214 Brev.
350 1198 402 1216 ms.
425 1190 522 1219 Cellae
548 1193 716 1229 Principum
743 1205 817 1224 saec.
840 1196 883 1225 14.
924 1199 993 1226 clm.
1014 1200 1163 1227 Monaeen.
1189 1198 1270 1228 7213.
1326 1215 1331 1219 ·
1360 1201 1454 1228 Hiezu

167 1222 217 1249 der
238 1224 389 1258 Hymnus:
413 1227 560 1256 Concentu
580 1231 704 1259 iucundo
723 1231 817 1267 (Anal.
837 1236 886 1268 IV,
909 1234 980 1270 160).

541 1349 586 1380 55.
617 1351 660 1382 De
678 1352 864 1385 Reversione
884 1363 907 1386 s.
927 1356 1079 1388 Iohannis.

292 1424 337 1454 In
365 1425 394 1456 1.
421 1424 651 1462 Nooturno.

381 1497 574 1533 Antiphonae.

179 1551 208 1583 1.
235 1552 338 1583 Adest
364 1554 430 1586 dies
456 1556 551 1596 digna
575 1558 644 1596 coli,

278 1600 376 1638 Quam
400 1602 466 1641 agit
490 1604 622 1635 ecclesia

230 1645 265 1675 In
292 1646 439 1678 Iohannis
464 1651 599 1687 apostoli

277 1694 463 1731 praeclarae
484 1696 656 1737 sollemnia,

225 1738 386 1778 Empyrea
410 1743 521 1773 summi
545 1744 610 1782 poli

273 1785 331 1824 Qui
361 1788 448 1818 novit
471 1791 630 1828 mysteria.

168 1840 198 1871 2.
225 1839 288 1871 Hic
311 1850 407 1880 supra
430 1847 539 1881 pectus
565 1846 690 1879 Domini

270 1886 308 1918 In
333 1896 411 1919 cena
431 1890 583 1931 recubuit,

225 1932 460 1973 Discipulorum
486 1938 600 1969 nemini

269 1980 412 2012 Christus
435 1982 469 2014 in
493 1983 553 2015 hoc
576 1986 697 2026 adnuit,

223 2026 347 2066 Quippe
370 2029 453 2067 quod
479 2029 527 2062 fas
552 2034 600 2063 est
624 2033 747 2074 virgini,

267 2074 335 2105 Alii
359 2084 421 2106 non
447 2078 597 2117 congruit.

162 2129 194 2161 3.
221 2127 296 2160 Veri
321 2130 410 2162 verbi
434 2132 491 2164 sub
518 2135 639 2166 cantico

270 2175 337 2207 Vox
363 2180 411 2208 est
434 2181 623 2223 evangelica,

218 2221 277 2261 Qui
303 2222 342 2253 de
367 2222 454 2256 fonte
478 2226 632 2259 dominico

263 2268 417 2307 Epotavit
438 2273 580 2313 mystica,

217 2315 353 2353 Quorum
378 2320 469 2356 gustu
495 2320 616 2352 vivifico

262 2361 357 2394 Plebs
382 2363 462 2396 vivit
486 2367 649 2403 catholica.

849 1436 880 1465 4.
907 1435 1061 1467 Iohannes
1087 1437 1187 1468 dictus
1212 1439 1313 1477 gratia

953 1481 1159 1521 Comparatur
1183 1485 1315 1524 aquilae,

908 1528 1064 1559 Virtutum
1090 1531 1275 1562 excellentia

951 1573 1102 1606 Lustrans
1125 1576 1329 1609 inscrutabile

904 1621 1040 1652 Verbum
1063 1622 1162 1660 patris
1186 1623 1217 1654 in
1244 1625 1352 1668 gloria,

949 1667 1076 1699 Nullum
1102 1669 1220 1701 habens
1244 1671 1355 1704 simile.

844 1741 873 1771 5.
898 1740 1066 1781 Postquam
1092 1743 1234 1776 Christus
1259 1746 1404 1777 occubuit

947 1787 1054 1820 Crucis
1078 1789 1111 1820 in
1135 1791 1285 1829 patibulo,

897 1834 1088 1874 Adoptionis
1114 1838 1209 1869 coluit

943 1881 1079 1913 Matrem
1105 1883 1169 1914 eius
1194 1885 1284 1916 titulo

894 1926 1059 1968 Iohannes,
1086 1930 1138 1968 qui
1161 1932 1351 1969 praeclaruit

940 1971 1096 2013 Virginali
1120 1978 1257 2015 speculo.

1029 2076 1232 2112 Responsoria.

855 2164 862 2172 .
893 2139 1104 2175 Florescentis
1130 2146 1280 2178 ecclesiae

891 2185 1011 2220 Praeco
1038 2190 1167 2223 devotus
1193 2196 1223 2224 et
1248 2194 1376 2234 athleta,

893 2232 1046 2267 Iohannes
1072 2237 1182 2270 doctor
1205 2240 1301 2272 Asiae

892 2279 955 2311 Sub
980 2281 1049 2322 lege
1072 2293 1153 2316 nova
1176 2285 1212 2317 fit
1235 2287 1398 2328 propheta,

889 2326 972 2358 Dum
997 2331 1194 2371 apocalypsis
1222 2333 1306 2365 dicta

884 2373 1004 2406 Mundo
1027 2378 1141 2415 pandit
1159 2388 1218 2418 per
1233 2389 1289 2412 sua
1305 2381 1433 2421 scripta.
