1650 2542
731 144 983 183 —276—

288 240 394 274 Sancti
417 242 517 274 Marci
542 241 650 273 sedula

286 289 381 320 Festa
403 290 508 321 colens

330 336 424 366 laude
447 334 619 374 magnifica.

253 424 260 431 .
285 400 417 438 Accepit
439 400 547 430 mortis
573 399 699 429 calicem

330 446 455 477 Marcus
479 454 536 483 pro
557 444 672 476 Christi
687 444 822 483 nomine,

285 492 402 523 Stolam
428 490 555 522 donavit
578 490 747 530 simplicem

330 537 416 568 lesus
441 537 473 568 in
497 537 575 568 caeli
600 537 736 568 cardine.

250 626 257 633 .
281 602 318 633 In
343 602 559 632 convertendis
580 602 704 640 populis

330 648 382 678 Ad
404 646 497 678 fidem
521 648 637 680 Christi
661 648 787 679 sedulus

282 693 412 724 Sanctus
436 694 533 724 instat
556 694 689 724 oraculis

325 739 459 778 Marcus:
484 739 570 770 Petri
596 740 776 778 discipulus

246 829 253 836 .
278 803 395 835 Probat
417 813 504 834 suum
528 802 676 835 famulum

326 849 464 881 Christus
487 850 519 880 in
543 849 679 890 fornace,

278 896 447 935 Tamquam
470 905 578 927 aurum
603 897 753 936 optimum

325 941 409 973 Caeli
432 943 522 980 ponit
545 951 626 973 arce.

239 1031 245 1038 .
273 1007 395 1045 Pangat
420 1009 524 1038 coetus
547 1007 608 1038 iste
630 1008 731 1039 laetus

322 1052 429 1083 Sancti
451 1052 554 1085 Marci
578 1054 707 1092 proelia,

276 1097 392 1129 Sonent
413 1107 505 1129 voces
528 1099 621 1130 laude
643 1100 756 1140 plenae

324 1145 385 1175 Pro
409 1144 473 1174 eius
497 1146 653 1184 memoria,

279 1189 413 1228 Caelum,
439 1193 522 1221 terra
546 1195 732 1222 venerentur

324 1234 498 1277 [Eiusdem]
524 1237 703 1277 sollemnia3

237 1305 244 1312 .
274 1281 364 1312 Beati
387 1282 488 1312 Marci
510 1284 684 1321 patrocinia

276 1326 462 1358 Confirment
482 1329 515 1359 111
538 1328 599 1359 Dei
622 1331 732 1368 gratia.

395 1419 438 1445 Ad
458 1419 632 1454 Magnificat.

236 1517 243 1523 .
274 1492 392 1534 Gaude,
418 1492 494 1524 felix

320 1538 434 1570 Christi
460 1538 591 1578 familia,

273 1584 376 1616 Sancti
402 1586 504 1616 Marci

316 1631 420 1662 colens
445 1632 615 1673 sollemnia,

270 1677 364 1707 Tanti
388 1678 486 1716 patris

318 1724 431 1754 donata
454 1726 612 1764 memoria,

270 1769 362 1800 Cuius
385 1770 531 1800 mundum

316 1815 439 1854 replent
461 1817 637 1854 praeconia,

270 1861 327 1898 Qui
351 1862 497 1900 propinet

313 1908 403 1939 nobis
427 1908 572 1948 suffragia

267 1953 311 1984 Et
336 1955 489 1993 perducat

313 2001 354 2031 ad
379 2001 456 2031 caeli
480 2002 602 2040 gaudia.

331 2146 393 2177 Ad
416 2148 675 2180 Matutinum.

398 2238 607 2267 Invitatorium.

265 2313 350 2344 Almi
374 2314 475 2345 Marci
499 2316 662 2347 sollemnia

264 2360 374 2391 Mente
399 2361 544 2401 colamus,
569 2363 716 2397 Alleluia.

1023 240 1067 271 In
1093 239 1124 272 1.
1148 239 1205 271 No
1216 242 1370 272 cturno.

1091 342 1281 376 Antiphonae.

895 418 924 449 1.
951 417 1057 448 Sancti
1082 419 1167 450 Petri
1194 419 1365 457 discipulus

996 464 1040 495 Et
1063 464 1095 495 in
1120 465 1274 503 baptismo
1298 463 1381 495 filius

949 510 1025 541 Fuit
1047 510 1174 541 Marcus
1200 512 1350 553 egregius,

995 557 1197 596 Evangeiista
1222 557 1383 589 maximus,

890 631 921 662 2.
944 630 994 661 De
1017 631 1101 662 tribu
1122 631 1264 662 Levitica

993 677 1121 708 Marcus
1146 678 1236 708 duxit
1260 677 1420 716 originem,

947 723 1041 761 Quem
1067 724 1167 754 sancti
1192 723 1283 755 Pauli
1309 724 1455 762 dogmata

994 769 1061 801 Sibi
1085 768 1224 800 fatentur
1247 770 1365 803 utilem.

889 843 919 874 3.
943 842 1090 874 Fratrum
1117 843 1267 874 describit
1290 843 1436 882 precibus

991 889 1109 920 Romae
1134 890 1250 921 Christi
1273 890 1440 930 magnalia,

945 935 1029 973 Quae
1053 936 1150 966 tradit
1172 939 1280 974 pastor
1304 936 1413 967 ovibus

991 981 1152 1013 Servanda
1175 983 1207 1013 in
1232 983 1374 1014 ecclesia.

1077 1084 1280 1118 Responsoria.

886 1158 917 1188 1.
944 1157 1133 1188 Veneremur
1157 1161 1297 1189 sanctum
1322 1159 1463 1190 Marcum

944 1203 1025 1234 Puro
1052 1204 1146 1235 corde
1170 1205 1343 1236 recolentes

989 1250 1126 1281 eiusdem
1150 1251 1320 1292 sollemnia,

941 1296 1006 1333 Quo
1030 1297 1177 1335 propinet
1200 1298 1264 1328 suis
1288 1298 1387 1329 servis

987 1345 1114 1373 aeterna
1138 1342 1293 1384 suffragia,

872 1386 912 1420 V.
941 1388 1060 1426 Pangat
1086 1397 1211 1420 carmen
1235 1398 1324 1421 sacer
1350 1390 1472 1422 chorus.

939 1433 1122 1465 Moduletur
1147 1435 1246 1466 dulcis
1271 1445 1365 1467 sonus

985 1479 1092 1512 Sancti
1115 1481 1220 1512 Marci
1244 1483 1355 1521 gratia.

882 1554 912 1584 2.
938 1553 1140 1586 Reverendus
1165 1559 1289 1587 sanctus
1314 1556 1441 1587 Marcus

984 1601 1111 1639 scripsit
1135 1603 1338 1641 evangelium,

939 1646 1026 1683 Quod
1052 1647 1188 1686 probans
1213 1648 1323 1679 beatus
1350 1650 1459 1680 Petrus

986 1693 1085 1723 coetui
1108 1692 1247 1726 fidelium

937 1738 1163 1777 Perlegendum
1187 1741 1285 1772 tradit
1309 1741 1390 1772 illud

984 1788 1091 1816 contra
1114 1787 1221 1818 mundi
1242 1783 1401 1830 [i]dolum,

869 1828 907 1859 V.
937 1830 1030 1861 Alme
1053 1832 1171 1870 Marce,
1197 1837 1289 1872 pater
1315 1834 1377 1872 pie,

936 1877 1071 1909 Nostrae
1097 1879 1208 1910 ductor
1232 1883 1297 1911 esto
1324 1881 1403 1918 viae,

980 1923 1026 1954 Te
1050 1934 1194 1965 rogamus
1218 1927 1389 1966 supplices.

879 1998 910 2029 3.
935 1995 1068 2030 Sanctus
1088 2000 1226 2042 Marcus,
1254 2002 1361 2032 mundi
1377 2002 1478 2036 iubar.

980 2046 1084 2084 pergit
1107 2047 1315 2086 Aquilegiam,

934 2091 1027 2122 Cuius
1051 2093 1117 2123 vita
1141 2096 1173 2123 et
1198 2093 1341 2124 doctrina

982 2138 1113 2176 expellit
1134 2139 1295 2182 malitiam,

934 2182 1019 2219 Quae
1042 2183 1130 2215 fideli
1153 2189 1258 2216 mente
1284 2187 1381 2217 currit

979 2230 1020 2260 ad
1044 2230 1193 2269 baptismi
1218 2233 1370 2272 gratiam3

863 2271 904 2305 V.
933 2275 1142 2314 Aquileiensis
1167 2278 1271 2316 patria

931 2321 1074 2361 Recepta
1095 2322 1156 2354 Dei
1179 2325 1280 2364 gratia

984 2367 1153 2400 Conservat
1177 2370 1396 2406 innocentiam.
