1650 2542
717 107 946 141 -26..-

328 198 355 228 A
370 198 390 229 d
411 198 668 231 Matutinum.

385 271 594 297 Invitatorium.

259 326 362 357 Genus
387 325 490 356 David
515 328 545 356 et
569 327 706 358 radicem

302 372 479 403 Adoremus
509 371 683 410 Dominum,

260 418 316 455 Qui
338 418 513 448 Adauctum
539 422 570 448 et
593 418 728 449 Felicem

303 463 442 502 Regnum
466 464 497 494 in
524 464 675 495 diutinum

257 509 309 540 Ad
332 518 481 539 nummum
506 510 592 541 vexit,
614 510 727 541 stabile

258 555 293 585 In
317 555 418 585 lumen
442 555 635 586 admirabile.

297 655 339 686 In
366 656 396 688 3.
423 655 645 690 NocturnO.

390 728 430 754 Re
438 730 589 763 =ponsoria.

223 809 229 816 .
255 783 315 814 Per
339 784 470 814 orbitam
496 786 662 823 tyrannide

256 829 418 861 Barbariei
442 831 572 862 rabidae

299 877 466 914 Ingruentc
490 885 583 908 saeva

255 922 301 953 Ob
323 923 533 961 Augustorum
557 924 674 954 monita

256 967 436 998 Sanctorum
460 969 490 999 in
520 970 662 1008 deposita

301 1014 392 1045 Fidei
417 1015 586 1055 primaeva,

253 1060 344 1091 Felix
369 1061 515 1092 sacerdos
542 1062 673 1100 capitur,

252 1105 367 1136 Libare
391 1108 440 1136 tus
462 1108 655 1146 praecipitur

300 1151 426 1190 Serapis
450 1153 483 1183 in
508 1154 603 1192 aede;

252 1196 419 1228 Insufflans
442 1199 469 1229 is
492 1199 525 1230 in
550 1199 644 1238 idola,

253 1242 337 1280 Quae
361 1247 454 1275 ruunt
478 1248 511 1275 ut
535 1246 682 1277 malivola

298 1289 435 1328 Spiritali
463 1292 568 1324 caede.

215 1360 222 1367 .
253 1334 367 1366 Libere
390 1338 568 1375 praecelsus
594 1338 658 1376 egit

297 1381 364 1412 Rex
388 1382 473 1413 Deus
496 1384 646 1414 ultionum

252 1426 296 1457 Et
317 1428 348 1458 in
375 1428 490 1459 humile
515 1430 636 1468 redegit

298 1473 436 1504 Sublime
459 1476 629 1514 regionum.

219 1553 225 1559 .
252 1528 408 1560 Adductuz
440 1530 513 1561 hinc
536 1531 577 1562 ad
600 1534 732 1563 statuam

251 1574 401 1605 Mercurii
429 1575 584 1608 ‹lolifluam

296 1620 439 1660 Compar-i
468 1623 499 1653 vi
523 1623 597 1654 fecit

247 1666 290 1697 Et
313 1669 446 1699 statuam
470 1668 631 1700 Dianicam

249 1712 401 1743 Virtutem
426 1722 484 1752 per
510 1715 651 1746 deificam

291 1759 397 1790 Tertio
428 1760 559 1797 deiecit;

247 1804 447 1836 Membratim
470 1807 503 1837 in
527 1808 631 1838 eculeo

250 1849 328 1881 Nam
352 1853 459 1894 tortus,
486 1853 540 1884 sed
567 1855 710 1885 aethereo

293 1896 410 1929 Solatio
435 1899 562 1940 potitur,

250 1942 423 1974 Poenarum
449 1953 505 1975 nec
530 1944 654 1986 fastigio

250 1988 399 2020 Terretur
423 1999 481 2021 nec
505 1993 658 2031 supplicio

292 2034 360 2065 Nec
383 2037 473 2067 minis
500 2038 674 2071 demolitur.

247 2080 345 2120 Leges
370 2090 476 2121 regum
500 2088 677 2124 aspernata.

294 2126 459 2159 Caesarum
485 2130 617 2172 decreta,

247 2173 337 2204 Mens
361 2174 392 2204 in
418 2174 541 2207 Christo
565 2178 708 2221 solidata,

295 2220 432 2251 Caritate
457 2220 538 2253 freta

248 2265 377 2297 Blandis
402 2276 460 2297 nec
483 2269 610 2300 mulceri

248 2311 373 2343 Poterat
398 2323 455 2345 nec
479 2316 547 2346 teri.

867 201 897 232 3.
924 197 1015 230 Iubet
1038 200 1162 240 Caesar,
1188 204 1223 232 ut
1247 202 1427 233 moechetur

971 246 1093 278 Arbore
1116 247 1307 287 blasphema,

923 292 954 322 Is
978 293 1034 324 sed
1059 293 1216 325 Christum
1243 294 1408 326 confitetur

963 339 1115 378 Flagrans
1140 340 1181 371 ad
1205 349 1361 381 suprema,

921 382 1007 415 Fusa
1030 394 1123 425 prece
1148 386 1353 418 subsannavit

967 432 1011 461 At
1035 432 1156 463 arboris
1181 432 1324 472 profana,

921 477 1017 514 Quam
1042 478 1194 509 radicitus
1217 481 1389 517 prostravit

965 523 1063 554 Fides
1090 525 1261 563 diaphana;

920 567 1028 599 Flavit
1051 574 1157 601 auster
1182 574 1213 601 et
1235 572 1364 602 munivit

968 614 1070 654 Hunc,
1096 617 1149 655 qui
1174 615 1273 648 forma
1298 619 1368 657 pari

921 660 1085 699 Templum
1109 661 1248 694 funditus
1275 665 1421 696 contrivit

966 706 1132 738 Profanum
1160 717 1228 739 cum
1253 710 1355 742 altari.

881 776 888 783 .
917 752 953 783 In
980 754 1116 784 externis
1140 755 1179 785 ab
1205 760 1333 786 externo

966 799 1094 830 Penitus
1118 801 1304 840 abstractus,

916 844 1097 884 Emergenti
1124 847 1163 877 de
1186 856 1321 886 superno

963 891 1066 922 lubilo
1092 897 1281 931 compactus,

1003 1002 1047 1033 In
1074 1002 1300 1037 Laudibus,

1054 1075 1245 1111 Antiphonae.

883 1153 887 1154 γ
916 1129 1005 1161 Fana
1029 1139 1158 1162 cernens
1182 1132 1277 1164 iudex
1300 1137 1408 1173 spreta

962 1176 1100 1208 Deorum
1125 1177 1333 1211 multiformia

915 1221 957 1253 Et
982 1222 1135 1254 favillitus
1163 1225 1267 1256 deleta

962 1269 1137 1309 Vocarique
1162 1271 1333 1314 daemonia,

916 1313 1028 1346 Coi-dis
1052 1315 1129 1346 furit
1153 1326 1211 1357 per
1233 1322 1355 1349 secreta

960 1361 1112 1400 Repletus
1136 1364 1294 1396 idolatria.

882 1442 888 1448 .
916 1416 976 1447 Pro
1003 1417 1129 1448 deorum
1153 1420 1273 1450 ultione

913 1462 1010 1493 Iussit
1033 1465 1171 1495 aemulus
1197 1475 1344 1497 mucrone

961 1508 1107 1542 Sanctum
1136 1512 1297 1550 decollari,

915 1556 1049 1587 Canibus
1075 1560 1105 1587 et
1130 1558 1213 1596 lupis
1237 1558 1314 1590 feris

915 1600 1018 1633 Gestis
1042 1604 1199 1641 pullulans
1224 1605 1354 1637 sinceris

961 1647 1080 1686 Corpus
1104 1651 1310 1687 praesentari.

882 1727 888 1733 .
915 1702 949 1733 In
974 1704 1108 1735 medium
1133 1706 1300 1745 prosiliens

915 1748 970 1779 Vir
995 1750 1121 1788 quidam
1146 1752 1205 1783 hoc
1227 1755 1424 1792 perspiciens

962 1795 1079 1827 Christi
1102 1796 1196 1829 fidem
1221 1802 1356 1839 gestans,

913 1842 1015 1873 Corde
1040 1843 1189 1876 confitens
1211 1849 1241 1876 ct
1266 1855 1320 1878 ore

914 1887 989 1918 Sese
1015 1889 1221 1922 Christianum
1248 1891 1326 1935 foro,

958 1934 1049 1967 Idola
1075 1936 1244 1972 detestans,

878 2014 885 2021 .
912 1989 1064 2022 Claritate
1087 1996 1288 2026 venustantes

957 2037 1098 2069 Luminis
1124 2040 1232 2081 divini,

911 2082 1092 2116 Sanctitatis
1117 2087 1294 2119 osculantes

958 2130 1071 2162 Osculo
1095 2141 1129 2163 sc
1154 2133 1230 2175 bini,

912 2175 1118 2209 Decollantur
1143 2180 1373 2220 triumphantes

957 2222 1048 2253 Vitae
1071 2224 1132 2255 iarn
1158 2228 1263 2259 vicini.

855 2278 885 2308 ἴ.
911 2276 1013 2308 Huius
1038 2287 1148 2310 nomen
1172 2281 1346 2326 ignoratur,

959 2323 1021 2355 Sed
1046 2334 1065 2355 a
1087 2324 1160 2357 fidis
1186 2329 1319 2360 testibus
