1650 2542
705 173 752 178 —
799 155 865 191 147

624 243 661 274 50
675 244 701 274 b.
736 246 779 276 De
801 248 906 278 saneto
926 248 1038 280 Iodoeo.

398 296 592 332 Antiphonae.
875 307 907 338 5.
932 308 1015 339 Hine
1038 311 1187 342 sacerdos
1213 317 1423 352 consecratuS,

203 340 233 372 1.
260 342 451 374 Veneremur
476 349 654 379 veneranda
976 354 1080 386 Sacris
1104 358 1187 387 totus
1214 357 1348 397 deditus,

305 388 454 421 Iudoeum
479 393 637 432 memoria,
930 399 1025 431 Sacer
1048 403 1163 433 mansit
1187 404 1236 435 vir
1257 408 1397 437 sacratus

259 434 354 466 Cuius
377 436 476 468 instat
500 439 689 472 celebranda
975 446 1071 479 Sacra
1096 448 1169 480 dote
1189 451 1362 489 praeditus,

300 480 377 512 Dies
405 483 499 521 plena
522 486 632 524 gratia.

200 536 230 566 2.
256 535 307 567 Ex
332 536 449 569 illustri
474 539 523 570 vir
546 544 686 573 sacratus

302 583 481 616 Procedens
505 586 633 626 origine,

254 628 364 660 Mente
387 633 470 662 totus
494 632 633 664 elevatur

298 675 424 707 Momm
449 676 539 709 fulsit
564 680 706 715 culmine.

870 520 900 552 6.
926 520 964 551 In
987 519 1086 560 figura
1111 523 1230 554 colubri

974 566 1108 598 Coluber
1131 570 1274 609 antiquus

928 612 1043 643 Pedem
1068 614 1127 645 Dei
1152 614 1261 647 famuli

969 659 1143 693 Momordit
1163 662 1296 701 iniquus.

197 731 227 762 3.
253 730 368 762 Mundi
393 733 517 764 calcans
543 737 575 765 et
598 735 745 768 honorem
866 728 895 759 7·
921 727 1026 759 Multa
1048 738 1160 781 passus
1184 730 1223 761 ab
1250 732 1359 784 ‘³0de

300 777 517 816 Temporalem
542 789 686 824 propere,
967 775 1029 805 Per
1054 775 1158 827 limum
1183 780 1388 816 septenmum,

253 823 452 863 Paupertatis
476 830 647 859 amatorem
920 819 957 850 In
981 821 1073 872 '‘Ptah
1096 830 1175 874 Fac?
1198 824 1326 876 'sanqssm

299 869 339 901 Se
362 870 510 909 probavit
534 881 637 911 opere·
964 866 1054 897 Dlem
1080 868 1192 899 clausu
1215 870 1367 903 ultimum.

191 925 223 957 4.
248 925 353 956 Instar
378 926 496 958 Christi
520 926 666 966 fugiendo
862 934 891 966 8.
918 934 1020 973 Signis
1044 936 1077 967 in
1103 937 1167 968 vit-a
1192 939 1307 969 claiuit

294 971 389 1010 Regis
413 972 626 1011 gubernacula
962 981 1087 1013 Crebris
1112 985 1144 1013 et
1166 984 1335 1026 miraculis,

247 1017 374 1056 Sprevit
396 1019 494 1058 magis
519 1020 697 1059 adpetendo
917 1025 1048 1058 Morbus
1073 1030 1105 1058 et
1127 1029 1258 1068 languor
1280 1032 1387 1069 paruit

293 1063 417 1095 Deserti
443 1065 584 1098 latibula.
962 1073 1031 1104 Viri
1055 1073 1115 1105 Dei
1139 1075 1318 1109 virtutibus.

700 1133 932 1168 Responsorium.

311 1176 350 1210 R.
378 1177 402 1208 Ο
428 1178 647 1210 celebrandum
673 1180 769 1211 hodie
792 1182 844 1220 qui
867 1182 914 1213 sie
936 1183 968 1214 in
993 1186 1081 1216 terra
1105 1185 1246 1225 fulserat,

376 1222 486 1255 Puella
506 1224 571 1255 lota
596 1224 677 1256 facie
701 1235 790 1269 aqua,
817 1236 878 1266 qua
901 1238 1010 1261 manus
1034 1231 1164 1275 laverat,

375 1269 466 1300 Visus
489 1270 623 1302 laetatur
647 1272 761 1312 specie,
788 1282 866 1312 quae
890 1284 983 1307 caeca
1006 1280 1082 1309 nata
1105 1277 1217 1311 fuerat.

310 1316 346 1347 V.
377 1315 401 1347 O
428 1315 545 1348 Christi
570 1326 697 1357 compar
720 1319 753 1350 in
777 1320 838 1352 hoe
860 1321 1021 1363 miraculo,

374 1361 541 1400 oppressis
565 1364 656 1395 malis
683 1362 770 1408 (ope)
796 1375 944 1399 succurre
967 1369 1076 1400 sedulo

243 1413 321 1440 Orat.
350 1424 402 1442 ms.
433 1416 591 1451 Campense
620 1420 689 1446 anni
723 1417 802 1447 1462.
850 1422 919 1449 Cod.
944 1423 1157 1451 Darmstadien.
1187 1424 1250 1453 521.
1281 1441 1318 1446 —
1348 1427 1452 1456 Auroer

166 1448 274 1476 diesem
302 1452 499 1481 Bruchstiieke
530 1456 608 1482 eines
638 1456 744 1483 dritten
769 1458 993 1487 Reimofficiums
1021 1461 1073 1488 auf
1094 1462 1212 1489 Iudoeus
1245 1464 1296 1491 hat
1320 1473 1374 1491 un‘
1402 1466 1451 1493 dm·

165 1485 262 1514 Codex
287 1489 361 1516 auch
386 1490 439 1517 den
466 1491 580 1527 Anfang
605 1494 683 1520 eines
707 1494 841 1528 Hymnus
867 1496 960 1529 (wenn
988 1498 1067 1525 diese
1092 1500 1293 1536 Bezeiehnung
1319 1502 1370 1529 der
1396 1503 1440 1530 Hs

164 1524 247 1551 nicht
269 1526 341 1562 iri-ig
360 1526 409 1561 ist)
427 1528 480 1555 auf
496 1529 660 1563 denselben,
681 1531 772 1558 leider
791 1540 846 1559 nur
866 1534 930 1561 eine
950 1534 1081 1570 Strophe,
1105 1536 1246 1564 bewahrt:

613 1567 714 1595 Proles
734 1570 810 1604 regiS
831 1573 859 1597 et
878 1572 995 1606 reg-inae

650 1605 769 1633 Pastum
788 1609 869 1643 regni
890 1610 1008 1644 respuit,

611 1642 743 1677 Regnum
763 1644 869 1672 durans
890 1647 953 1673 sine
971 1645 1029 1674 fine

649 1680 780 1715 Adipisei
800 1682 917 1710 studuit.

504 1767 545 1798 51.
577 1769 611 1800 In
632 1770 843 1802 Decollatione
863 1780 886 1803 s.
907 1772 1051 1805 Iohannis
1071 1774 1102 1805 B.

297 1823 342 1854 In
371 1824 399 1856 1.
426 1825 638 1865 Vesperis.
901 1833 967 1871 Quo
992 1834 1099 1865 audito
1122 1834 1205 1866 bona
1227 1837 1325 1868 multa

157 1878 196 1910 A.
228 1878 334 1911 Verba
357 1879 418 1910 viri
442 1882 594 1920 sapientis
900 1878 1001 1920 Fflffl,
1028 1881 1084 1911 sed
1108 1881 1187 1912 haec
1210 1886 1284 1914 sunt
1307 1886 1439 1928 sepum,

227 1925 351 1957 Stimuli
374 1929 448 1957 sunt
470 1928 680 1967 imprudentis
948 1926 1023 1958 Cum
1048 1926 1120 1978 RIUS
1145 1932 1265 1960 amaret
1288 1931 1408 1970 Vitium,

271 1972 316 2003 Et
340 1973 420 2004 clavi
445 1972 500 2005 fixi
525 1975 557 2006 in
583 1976 692 2017 altum,
898 1971 998 2024 Miser
1023 1981 1103 2004 emm
1131 1974 1269 2014 desipuit

224 2018 305 2050 Inde
328 2028 519 2058 praecursor
543 2022 670 2055 Domini
894 2016 1071 2058 Tssfssllxque
1097 2020 1251 2053 defflffl'llit

224 2065 338 2096 Mortis
368 2066 461 2098 datur
487 2070 622 2101 examini
943 2064 1103 2097 Aeterflae
1127 2068 1211 2099 Vitae
1238 2070 1388 2105 bravium.

272 2113 333 2144 Per
356 2114 459 2152 turpis
485 2114 620 2148 feminae
644 2118 767 2149 saltum.

338 2177 383 2204 Ad
402 2178 580 2214 Magnificat.
956 2158 1016 2190 Ad
1041 2159 1304 2196 Matutinum.

148 2223 188 2256 A.
220 2224 288 2255 Rex
314 2224 458 2257 Herodes
483 2228 641 2260 metuebat
1023 2233 1235 2263 Invitatorium.

221 2271 402 2311 Iohannem,
428 2282 499 2304 nam
525 2274 607 2306 hune
627 2276 748 2307 sciebat
892 2278 1008 2318 Regem
1033 2290 1139 2321 regum
1165 2292 1357 2326 veneremur,

267 2318 375 2350 Virum
422 2319 554 2361 iustum,
612 2326 763 2366 sanctum,
891 2325 959 2364 Ipsi
982 2335 1106 2368 semper
1129 2331 1334 2376 modulemur,

539 2368 635 2411 pium,
891 2372 937 2405 Ut
961 2373 1119 2414 baptistae
1143 2378 1307 2412 sociemur.

1209 2431 1266 2462 10*
