1650 2542
687 140 723 144 -—
780 120 845 156 135
895 141 940 145 —

181 213 212 244 4.
239 213 300 244 Hic
323 214 463 244 oratione
487 212 572 246 facta

287 259 416 291 Hostem
442 260 559 291 devicit
582 261 735 300 perfidum

238 306 288 336 Ac
312 306 449 337 eiusdem
474 307 565 346 pedis
590 308 699 346 planta

288 352 396 384 Calcat
421 355 453 383 et
476 353 558 384 hunc
581 353 760 393 igniferum.

183 409 213 438 5.
240 407 432 439 Reverenter
456 409 627 440 tumulatur

284 453 347 485 Hic
372 457 498 485 sanctus
521 455 555 485 in
580 455 699 498 Persia,

238 500 302 532 Ubi
326 509 440 540 magna
465 507 670 541 congregatur

289 546 535 578 Christianorum
561 549 659 587 copia.

193 603 223 634 6.
250 601 382 634 Sanctus
405 605 466 634 iste
489 603 620 634 Iacobus

287 650 426 682 Vocatur
450 649 626 689 intercisus,

243 696 323 728 Nam
349 696 482 735 quilibet
508 698 556 726 est
578 696 691 736 digitus

286 744 316 774 A
337 742 479 774 manibus
506 742 633 776 divisuS.

372 816 574 851 Responsoria.

182 875 211 907 1,
237 874 395 905 Zebedaei
421 872 552 904 Iacobus

284 920 436 951 maximus
459 920 598 956 vocatur,

238 967 300 999 Sed
325 966 462 1005 Alphaei
485 964 587 995 minor

284 1016 392 1052 pastor
417 1012 626 1049 consecratur,

237 1060 302 1091 Iste
326 1059 508 1090 Nazarenus

283 1115 301 1136 a
326 1104 474 1144 praeside
499 1106 639 1140 vocatur,

168 1152 206 1185 V.
238 1151 340 1183 Ambo
366 1150 481 1182 fratres
505 1149 630 1180 Domini

235 1198 399 1236 Amboque
424 1195 580 1235 discipuli,

283 1244 346 1276 Sed
362 1244 422 1274 iste
439 1251 547 1273 servus
564 1241 637 1272 Iesu
652 1240 778 1273 Christi.

179 1302 210 1332 2.
239 1300 371 1331 Iacobus
397 1298 538 1330 residens
562 1297 595 1327 in
620 1299 720 1336 petra,

284 1345 432 1377 fundatus
456 1347 504 1375 est
529 1340 577 1386 [in
601 1339 729 1386 gratia],

237 1392 295 1431 Qui
320 1393 491 1424 abhorrens
516 1398 655 1429 quaeque
677 1392 780 1421 taetra

283 1438 446 1470 Mundana
469 1436 587 1476 sprevit
614 1436 695 1467 vitia

237 1485 394 1524 Facieque
417 1484 481 1523 iugi
504 1483 588 1513 laeta

284 1533 381 1564 Sacra
404 1530 486 1563 vixit
508 1529 670 1561 munditia.

166 1580 205 1611 V.
234 1578 280 1610 Sit
305 1583 438 1617 tuarum,
461 1577 600 1615 obsecro,

284 1625 498 1657 Lacrimarum
523 1623 607 1654 rivus

235 1672 271 1703 In
298 1672 392 1703 corde
416 1670 539 1711 lapideo

282 1718 436 1750 Maeroris
461 1716 603 1748 motivus.

179 1778 210 1809 3.
237 1776 319 1807 Vere
345 1775 408 1805 dux
433 1781 531 1804 novus
558 1771 683 1811 dicitur,

235 1823 298 1853 Per
322 1829 413 1859 quem
436 1818 540 1850 fidelis
564 1818 714 1858 pascitur,

237 1868 341 1901 elaris
365 1867 518 1898 lustratur
542 1864 679 1896 moribus

234 1914 349 1946 Mundi
373 1912 488 1952 spretis
514 1910 702 1943 honoribus:

167 1963 203 1995 V.
234 1962 296 1993 Hic
321 1961 447 1992 attritus
472 1957 622 1997 martyrio

238 2008 360 2040 Clamat
383 2015 460 2039 voce
484 2013 605 2044 magna,

234 2055 317 2087 Dum
342 2054 486 2094 privatur
513 2051 629 2091 digito:

235 2102 283 2133 Tu
309 2100 387 2132 facis
411 2099 577 2131 mirabilia.

297 2177 341 2208 In
364 2177 394 2207 2.
422 2174 480 2206 No
492 2176 649 2205 cturno.

380 2239 573 2275 Antiphonae.

179 2301 209 2332 1.
236 2298 416 2330 Nazarenus
440 2297 502 2329 iam
527 2297 656 2327 vocatur

281 2344 418 2384 Spiritus
443 2343 542 2374 sancti
566 2341 703 2380 flamine,

909 216 998 248 Dono
1022 217 1141 256 gratiae
1167 217 1299 248 donatur

955 263 1067 295 Divino
1091 264 1270 302 spiramine.

856 319 885 350 2.
913 318 985 349 Vita
1009 321 1117 350 sancta
1142 319 1330 360 duplicatur,

958 365 1123 403 Postquam
1143 366 1325 404 martyrium
1348 368 1450 396 sustu-

1229 412 1249 442 l.

912 457 1128 497 Sanctitasque
1150 414 1322 497 serenffssun

956 503 1039 534 Dum
1063 505 1214 543 gloriosus
1238 504 1325 537 obiit.

855 559 886 590 3.
910 559 1045 590 Mortem
1070 567 1137 590 esse
1160 568 1299 591 somnum
1323 559 1434 589 clamat

957 605 1043 636 Inter
1067 608 1221 637 tormenta
1246 605 1394 644 crudelia,

913 651 1008 689 Quem
1033 654 1064 682 et
1084 652 1211 691 angelus
1236 650 1392 683 confortat

957 697 994 728 In
1018 698 1155 728 mirabili
1180 699 1362 730 constantia.

854 754 885 784 4.
912 752 1003 784 Stans
1026 753 1109 784 inter
1133 753 1271 785 homines
1296 752 1415 784 feroces

849 1438 877 1470 l.

834 1622 872 1653 V.

848 1820 878 1849 2.

956 800 1068 830 Totum
1093 808 1127 830 se
1149 799 1216 831 Deo
1243 800 1369 831 dedicat

907 845 950 876 Et
974 854 1079 877 sacros
1103 847 1235 877 rutilans
1260 854 1417 876 sermones

951 892 1091 923 Terrena
1114 900 1251 931 quaeque
1274 892 1410 923 abdicat.

874 971 881 978 .
905 946 1088 978 Decollatur
1111 948 1277 978 intercisus

954 992 1180 1024 circumstante
1202 993 1328 1032 populo,

905 1039 1058 1077 Aperitur
1081 1039 1246 1077 paradisus

952 1085 1151 1116 Ascendente
1174 1085 1299 1117 Iacobo.

905 1140 997 1171 Hunc
1026 1140 1222 1171 membratim
1247 1140 1449 1171 absciderunt

953 1185 1121 1218 Carnifices
1147 1186 1186 1217 de
1211 1186 1344 1217 Perside.

905 1233 949 1263 Et
973 1233 1121 1272 primates
1146 1235 1322 1264 annuerunt

951 1278 1000 1310 De
1025 1279 1151 1310 civitate
1171 1279 1284 1318 Alape.

1038 1371 1164 1405 Respons
1174 1371 1242 1397 aria.

903 1437 986 1468 Dum
1010 1436 1176 1468 semivivus
1202 1444 1335 1475 corpore

951 1484 1082 1515 Sanctus
1108 1482 1388 1522 constringebatur,

904 1529 1003 1561 Foras
1028 1530 1149 1560 intenso
1176 1529 1303 1560 vulnere

950 1576 1047 1607 Totus
1070 1575 1297 1614 destruebatur,

902 1622 1049 1654 Manibus
1074 1622 1231 1659 abscissis,

952 1668 1090 1700 Genibus
1112 1668 1279 1707 demolitis,

904 1715 952 1747 De
977 1718 1039 1746 tam
1066 1715 1185 1746 crudeli
1207 1714 1332 1746 turbine

952 1762 1109 1794 Christum
1134 1761 1333 1800 precabatur.

905 1818 992 1850 Hora
1016 1818 1125 1848 mortis
1151 1818 1353 1851 adclamasti:

951 1864 1016 1895 Iste
1041 1873 1148 1895 carcer
1172 1864 1214 1895 sit
1237 1864 1366 1901 solutus,

904 1910 948 1941 Et
971 1911 1137 1942 semivivus
1161 1914 1196 1941 tu
1222 1911 1346 1941 dixisti:

952 1957 1020 1988 Rex
1036 1958 1202 1988 Persarum
1226 1957 1267 1987 sit
1283 1956 1448 2000 confusus3

904 2002 1042 2042 Spiritus
1062 2012 1148 2034 meus
1174 2004 1214 2035 ad
1239 2006 1271 2034 te
1295 2004 1399 2035 veniat

905 2049 948 2080 Et
959 2053 1060 2082 tecum
1072 2051 1105 2081 in
1118 2050 1340 2089 sempiternum
1355 2051 1450 2084 vivat.

873 2132 880 2139 .
907 2106 997 2137 Felix
1022 2109 1122 2147 pater,
1148 2108 1229 2146 quod
1253 2105 1368 2146 figuras

953 2152 1159 2186 Carnificibus
1184 2153 1390 2193 praedicasti,

905 2200 997 2231 Felix
1020 2203 1149 2239 martyr,
1177 2200 1258 2239 quod
1276 2201 1450 2239 scripturas

952 2246 1110 2279 Abscissis
1135 2246 1241 2286 digitis
1266 2247 1420 2286 allegasti,

906 2293 954 2324 Tu
977 2293 1123 2325 deridens
1149 2293 1371 2333 blandimenta,

905 2339 954 2371 Tu
977 2340 1142 2372 subridens
1166 2340 1228 2371 iam
1253 2344 1418 2375 tormenta.
