1650 2542
154 217 192 249 V.

173 1190 202 1221 ’10

681 121 841 156 —229
890 140 934 145 —

225 216 331 248 Caenis
357 216 455 248 visum
480 217 679 257 restauravit,

224 262 322 294 Mutis
346 263 468 301 linguas
493 264 659 303 reseravit,

225 309 331 348 Rupta
354 308 494 340 membra
517 309 687 350 roboravit,

225 356 389 388 Dissoluta
413 355 570 386 solidavit.

193 435 200 442 .
227 410 330 449 Salve,
357 418 413 441 rex
436 409 579 452 benigne,

225 456 383 496 Ladislae,
408 456 504 487 laude
531 456 632 496 digne,

225 502 336 534 Honor
361 504 468 534 noster
493 505 524 533 et
546 506 689 542 patrone,

230 549 294 588 Pie,
320 552 442 589 potens,
466 552 551 580 tutor
570 549 660 586 bone,

189 620 196 627 .
226 594 425 627 Afflictorum
451 598 580 634 portans
603 603 679 626 onus

227 642 270 673 Et
292 643 333 674 ad
358 650 448 673 omne
471 642 557 681 pium
577 650 704 681 pronus.

293 735 337 766 In
363 736 394 767 3.
419 734 644 767 NocturnO.

369 798 562 833 Antiphonae.

200 882 206 887 .
232 855 376 893 Domine,
402 854 455 893 qui
480 856 627 893 operatus

229 902 290 933 Est
312 901 462 931 iustitiam

228 948 273 979 Et
301 946 498 978 confirmatus

229 994 290 1025 Est
312 994 346 1024 in
370 993 512 1033 gratiam,

231 1040 322 1071 Nunc
344 1040 377 1070 in
402 1047 547 1077 supremo
572 1038 650 1069 solio

229 1086 266 1117 In
291 1088 468 1117 sanctorm
492 1084 631 1123 tripudio

229 1133 330 1164 Felici
354 1132 471 1170 gaudet
493 1130 616 1170 gaudio.

231 1187 399 1219 Ladislaus
423 1186 604 1222 honoratur,

231 1234 324 1266 Cuius
351 1235 445 1271 caput
469 1234 634 1263 coronatur

227 1280 347 1319 Regum
372 1279 436 1310 ritu
460 1286 609 1319 generoso

229 1326 278 1358 De
302 1326 409 1364 lapide
433 1325 582 1364 pretioso,

229 1372 331 1404 Datur
354 1372 402 1403 illi
429 1371 573 1410 dignitas,

230 1420 371 1450 Aeterna
399 1416 543 1449 felicitaS.

197 1500 205 1507 .
229 1475 292 1506 Hic
315 1474 438 1512 accepit

231 1520 496 1559 Benedictionem,

231 1568 328 1606 Quem
353 1566 492 1604 suscepit

231 1615 269 1646 In
294 1613 491 1652 adoptionem

229 1661 315 1693 Deus
342 1663 373 1690 et
399 1659 596 1691 devotionem

231 1708 307 1739 Eius
334 1707 418 1737 clare
443 1703 681 1742 commendavit,

229 1755 326 1793 Quem
350 1753 497 1784 heredem
521 1750 685 1790 adoptavit

230 1800 275 1832 Et
294 1801 328 1831 in
353 1800 446 1831 caelis
472 1798 640 1830 coronavit.

366 1872 569 1907 Responsoria.

200 1956 207 1963 .
232 1930 282 1962 De
305 1929 413 1960 radice
437 1928 542 1967 regiae

279 1976 395 2015 Stirpis
421 1977 621 2015 propagatus,

233 2023 371 2057 Illustris
395 2023 564 2062 prosapiae

280 2070 450 2102 Stemmate
473 2069 626 2108 prolatus,

233 2118 283 2149 De
307 2118 415 2149 saneta
439 2116 589 2157 progenie

282 2164 400 2203 Regum
426 2165 601 2203 generatus,

235 2210 294 2249 Qui
317 2210 468 2242 virtutum
492 2210 559 2242 acie

282 2256 389 2295 Viguit
412 2257 564 2296 stipatus,

194 2329 201 2336 .
232 2302 375 2336 Moribus
398 2302 542 2345 nobilior,

234 2349 410 2384 Virtutibus
436 2350 550 2380 clarior

894 215 991 254 Quam
1013 223 1137 254 genere,

894 262 952 294 Cui
974 261 1080 293 vivere

896 308 1036 340 Christus
1061 310 1107 338 est
1131 307 1164 337 in
1188 306 1323 339 aethere.

863 389 869 395 .
895 364 968 396 Iesu
990 362 1082 401 bone,

941 417 999 448 per
1022 408 1163 440 Ladislai
1186 408 1309 446 merita,

897 456 1014 487 Nostra
1036 455 1126 486 nobis

945 501 1066 532 dimitte
1096 500 1210 543 debita,

897 547 1039 589 Domum,
1065 549 1198 586 portam,

944 594 1120 633 sepulcrum
1143 593 1237 625 visita

897 640 941 671 Et
963 649 983 671 a
1006 640 1087 670 trina

943 695 999 717 nos
1023 689 1124 717 morte
1147 686 1281 725 suscita,

859 756 867 764 .
895 733 987 772 Actu,
1017 735 1121 763 mente

946 779 995 810 vel
1018 787 1076 810 usu
1101 778 1226 817 perdita

898 825 1020 856 Pietate

945 873 1086 902 restaura
1110 870 1212 901 solita.

843 947 872 958 ..
900 926 1006 967 Surge,
1032 925 1143 965 gaude,
1168 924 1338 962 Pannonia,

898 972 990 1003 Felix
1013 971 1142 1002 intende
1166 977 1326 1009 prospere,

900 1018 943 1050 Ut
972 1017 1129 1048 collaudes
1155 1015 1260 1047 felicia

898 1064 1041 1095 Ladislai
1064 1063 1240 1103 praeconia,

899 1110 1008 1141 Noctis
1034 1110 1156 1148 expelle
1179 1108 1285 1139 taedia

900 1157 981 1187 Iam
1007 1156 1118 1187 lucis
1144 1158 1236 1186 orto
1261 1154 1417 1193 sidere;

860 1228 867 1235 .
898 1202 1006 1242 Surge,
1033 1201 1176 1233 collauda
1199 1200 1375 1239 Dominum,

899 1249 977 1287 Quia
1003 1248 1042 1279 de
1065 1248 1141 1278 viris
1166 1248 1349 1286 sanguinum

902 1295 963 1325 Per
987 1295 1070 1325 hunc
1093 1294 1217 1325 salvare
1241 1293 1340 1324 voluit

901 1341 945 1372 Et
968 1341 1103 1372 liberare
1128 1340 1238 1370 statuit

898 1387 951 1418 Te
975 1387 1084 1418 lucis
1101 1388 1199 1417 ante
1215 1386 1444 1418 terminum.

997 1499 1013 1530 I
1022 1507 1042 1529 n
1066 1497 1094 1529 L
1103 1506 1122 1529 a
1130 1507 1150 1528 u
1161 1497 1181 1528 d
1189 1497 1226 1528 ib
1235 1507 1256 1528 u
1265 1506 1290 1529 s.

1044 1570 1236 1606 Antiphonae.

868 1651 876 1658 .
904 1627 1035 1659 Sanetus
1059 1628 1120 1658 iste
1143 1628 1270 1659 indutus

903 1675 960 1706 Est
984 1675 1135 1713 decorem,

903 1721 962 1759 Qui
986 1723 1110 1751 secutus

903 1767 1097 1799 Salvatorem

904 1814 1095 1846 Consecutus

902 1861 963 1892 Est
985 1861 1135 1892 honorem

903 1907 1017 1939 Mundi
1038 1907 1160 1946 pompis
1183 1907 1353 1945 meliorem,

903 1953 985 1985 Nam
1010 1956 1058 1985 est
1080 1954 1146 1985 eius
1170 1952 1322 1985 fortitudo

906 2000 1104 2040 Sempiterna
1128 2000 1315 2033 sanctitudo

871 2081 877 2086 .
904 2056 1040 2088 Iubilate

904 2103 948 2135 Et
970 2103 1114 2135 invocate

905 2150 1048 2182 Ladislai
1071 2149 1273 2189 praesidium,

907 2198 972 2234 Quo
996 2205 1054 2235 per
1076 2197 1180 2236 ipsum
1203 2204 1260 2226 rex
1284 2196 1430 2233 omnium,

909 2242 1060 2284 Christus,
1077 2246 1218 2275 nostrum
1235 2243 1278 2273 sit
1294 2242 1450 2282 gaudium.

876 2323 883 2331 .
909 2299 967 2338 Qui
992 2308 1102 2338 passus
1128 2301 1176 2330 est
1199 2300 1331 2337 propter
1354 2305 1421 2335 nos,

908 2346 1068 2377 llluminet
1087 2355 1144 2385 sup
1149 2354 1183 2376 er
1206 2353 1263 2375 nos
