1650 2542
276 231 404 264 Astanti
433 232 571 267 familiae

324 276 387 309 Fer
410 288 501 319 opem
525 283 645 324 salutis,

277 322 327 354 De
354 324 425 356 lacu
447 327 594 360 miseriae

322 370 367 401 Et
391 372 431 403 de
454 373 520 405 luto
544 373 642 408 faecis

275 415 341 446 Nos
366 418 446 449 educ
469 422 685 455 sanctissimae

318 463 500 497 Interventu
524 469 638 506 precis

413 557 618 593 Responsoria.

239 645 246 651 .
273 619 310 650 In
335 621 436 654 vicino
461 625 582 663 positus

317 667 461 705 pontifex
487 680 555 703 cum
581 673 674 717 clero,

271 712 318 745 Ut
341 719 483 748 sacraret
507 719 659 763 cellulam,

318 768 399 804 ecce,
427 761 511 795 facto
535 774 605 798 sero

265 806 390 838 Ardere
415 811 606 849 conspicitur

308 861 396 885 mons
422 855 663 897 Pirchirrianus,

264 897 319 928 Fit
341 900 459 933 elamor
479 903 512 933 in
537 906 671 945 populis,

310 954 432 977 sursum
456 949 564 981 levant,
586 960 695 983 manus
706 964 714 992 3

224 1013 231 1019 .
261 989 359 1023 Facto
382 1002 475 1025 mane
497 996 642 1034 pontifex

309 1042 445 1070 montem
468 1043 547 1080 petit
570 1044 667 1075 altum

259 1082 303 1114 Et
328 1084 448 1117 invenit
473 1089 602 1120 caelitus

305 1130 407 1162 locum
433 1138 655 1169 consecratum.

223 1208 229 1215 .
255 1185 441 1219 Admiratur
464 1191 598 1228 populus

302 1241 395 1264 ruens
418 1235 451 1265 in
478 1236 654 1277 clamorem,

253 1278 374 1310 Novum
401 1289 530 1314 cernens
554 1282 651 1316 fluere

302 1325 363 1356 olei
387 1327 549 1369 liquorem,

254 1370 387 1403 Madent
409 1373 600 1416 linteamina,

299 1418 393 1450 sudat,
415 1421 636 1463 pavimentum,

251 1462 384 1496 Salubre
408 1467 628 1506 languentibus

300 1511 377 1543 dans
402 1514 681 1559 medicamentum,

210 1579 218 1586 .
252 1557 310 1596 Qui
335 1556 452 1590 fontem
475 1561 509 1592 in
535 1570 637 1594 eremo

297 1604 337 1635 de
359 1607 451 1645 petra
474 1609 635 1649 produxit,

247 1649 310 1680 Hic
332 1651 365 1682 in
389 1654 502 1685 montis
528 1656 645 1687 vertice

293 1698 394 1729 oleum
419 1700 538 1733 eduxit.

213 1777 220 1784 .
245 1752 294 1784 De
320 1754 474 1787 cisternae
496 1757 627 1790 latebris

289 1801 406 1852 Ioseph
431 1805 479 1833 est
500 1804 640 1837 sublatus

243 1845 288 1876 Et
310 1846 343 1878 in
368 1849 457 1887 regni
480 1850 558 1881 solio

290 1902 374 1925 nunc
398 1898 446 1926 est
468 1896 661 1941 sublimatuS,

242 1938 369 1972 Finitur
392 1940 528 1973 feliciter

290 1987 356 2019 eius
379 1988 546 2031 incolatus,

240 2033 373 2066 Nostros
397 2044 492 2075 prece
515 2037 626 2069 sedula

288 2081 388 2113 diluat
410 2085 535 2123 reatus;

199 2150 207 2158 .
240 2126 340 2158 Cursu
363 2127 563 2162 felicissimae

284 2174 368 2206 vitae
393 2180 604 2209 consummato

237 2220 276 2252 In
299 2221 369 2253 sinu
393 2223 544 2264 recipitur

283 2267 434 2301 Abrahae
458 2270 560 2303 beato.

177 2324 208 2357 4.
236 2323 260 2356 O
286 2323 370 2356 oliva
393 2334 517 2366 semper
542 2328 623 2368 viva,

278 2370 389 2404 Dulcis
414 2376 446 2404 et
469 2372 644 2415 fructifera,

818 149 883 184 165
931 171 979 175 —

950 247 974 279 O
998 248 1053 279 lux
1078 249 1171 289 clara,
1199 250 1321 283 Christo
1348 262 1429 293 cara,

994 294 1130 334 Fulgens
1153 305 1248 335 super
1272 299 1409 339 aethera,

946 339 1046 371 Nobis
1069 340 1160 372 fessis
1186 345 1218 373 et
1241 346 1400 384 oppressis

993 387 1055 418 Per
1078 389 1201 426 peccati
1225 391 1366 429 pondera

944 432 1033 473 Esto,
1059 442 1171 475 comes,
1200 436 1263 468 dux
1289 440 1321 468 et
1345 447 1446 469 comes

990 479 1028 510 In
1051 480 1111 511 hac
1134 482 1217 512 valle
1239 484 1372 524 misera3

875 523 911 556 V.
942 525 1008 556 Iam
1034 534 1102 557 cum
1128 527 1251 560 Christo
1275 530 1419 569 gloriaris

990 571 1091 604 fracta
1116 574 1206 606 domo
1230 577 1340 616 testea,

942 618 1026 649 Tuos
1050 628 1110 650 non
1136 620 1331 654 obliviscaris

987 673 1112 703 pressos
1137 667 1218 698 mole
1243 677 1364 701 carnea.

1019 803 1064 834 In
1089 803 1321 838 Laudibus.

1075 884 1269 921 Antiphonae.

880 938 908 969 1.
934 940 1101 978 Ampullae
1125 943 1262 974 medium

979 986 1051 1017 vino
1075 988 1128 1018 vix
1151 990 1294 1027 replente

932 1028 1059 1063 Potavit
1080 1035 1232 1071 plurimos

978 1077 1100 1116 liquore
1126 1084 1294 1113 crescente.

870 1142 900 1173 2.
927 1141 951 1172 O
977 1140 1054 1173 felix
1077 1144 1231 1185 pontifex,

973 1197 1031 1227 per
1053 1191 1138 1222 cuius
1162 1193 1274 1224 merita

927 1233 1083 1267 Defuncto
1109 1239 1232 1277 corpori

975 1284 1023 1312 est
1046 1282 1111 1314 vita
1135 1285 1269 1317 reddita.

869 1345 899 1376 3.
926 1345 1116 1385 Blasphema
1144 1349 1255 1379 mulier

973 1392 1089 1423 amittit
1110 1394 1276 1435 loquelam,

923 1437 986 1469 Sed
1010 1442 1151 1471 sanctum
1175 1441 1301 1473 invocat

967 1493 1040 1516 mox
1062 1486 1158 1517 sentit,
1181 1489 1344 1523 medelam.

862 1549 894 1579 4.
920 1548 1078 1581 Christum
1103 1551 1288 1592 benedicite,

965 1597 1060 1635 terra,
1085 1606 1181 1637 mare,
1209 1600 1296 1640 caeli,

917 1642 975 1680 Qui
1001 1642 1090 1674 dedit
1115 1645 1276 1677 victoriam

962 1690 1101 1727 praesuli
1125 1690 1223 1723 fideli.

859 1753 890 1785 5.
916 1752 1093 1786 Laudemus
1118 1755 1297 1798 Dominum,

961 1801 1013 1839 qui
1035 1802 1172 1841 palmam
1196 1804 1315 1843 gloriae

912 1845 1009 1879 Beato
1033 1850 1172 1887 praesuli

963 1895 1093 1926 contulit
1116 1896 1219 1928 hodie.

1024 1987 1069 2014 Ad
1088 1987 1270 2017 Benedictus.

843 2052 881 2083 A.
911 2051 1101 2085 Benedictus
1125 2055 1288 2099 Dominus,

958 2098 1042 2131 Deus
1067 2101 1204 2141 Israelis,

911 2145 969 2183 Qui
993 2155 1050 2185 pio
1073 2148 1139 2179 vita
1162 2150 1277 2180 saeculi

960 2192 1123 2225 descendit
1148 2195 1187 2227 de
1212 2197 1316 2237 caelis,

914 2238 970 2270 Cui
992 2239 1120 2272 offertur
1147 2242 1241 2274 hodie

955 2287 1103 2319 sacerdos
1126 2287 1231 2321 fidelis

910 2332 948 2363 In
972 2341 1064 2365 manu
1088 2335 1229 2375 signiferi

956 2380 1005 2410 sui
1027 2380 1202 2414 Michaelis.
