<?xml version="1.0" encoding="UTF-8"?>
<!DOCTYPE html PUBLIC "-//W3C//DTD XHTML 1.0 Transitional//EN"
    "http://www.w3.org/TR/xhtml1/DTD/xhtml1-transitional.dtd">
<html xmlns="http://www.w3.org/1999/xhtml" xml:lang="en" lang="en">
 <head>
  <title>
</title>
<meta http-equiv="Content-Type" content="text/html;charset=utf-8" />
  <meta name='ocr-system' content='tesseract 3.04.00' />
  <meta name='ocr-capabilities' content='ocr_page ocr_carea ocr_par ocr_line ocrx_word'/>
</head>
<body>
  <div class='ocr_page' id='page_1' title='image "./analectahymnica26drevuoft_00034.png"; bbox 0 0 1650 2542; ppageno 0'>
   <div class='ocr_carea' id='block_1_1' title="bbox 706 114 934 165">
    <p class='ocr_par' dir='ltr' id='par_1_1' title="bbox 706 114 934 165">
     <span class='ocr_line' id='line_1_1' title="bbox 706 114 934 165; baseline 0.009 -18"><span class='ocrx_word' id='word_1_1' title='bbox 706 114 934 165; x_wconf 54' lang='lat'>÷31—</span> 
     </span>
    </p>
   </div>
   <div class='ocr_carea' id='block_1_2' title="bbox 199 198 633 380">
    <p class='ocr_par' dir='ltr' id='par_1_2' title="bbox 199 198 538 289">
     <span class='ocr_line' id='line_1_2' title="bbox 199 198 538 243; baseline 0.015 -14"><span class='ocrx_word' id='word_1_2' title='bbox 199 222 206 229; x_wconf 90' lang='lat'><em>.</em></span> <span class='ocrx_word' id='word_1_3' title='bbox 238 198 282 230; x_wconf 90' lang='lat' dir='ltr'>Et</span> <span class='ocrx_word' id='word_1_4' title='bbox 305 199 371 243; x_wconf 79' lang='lat' dir='ltr'>hos,</span> <span class='ocrx_word' id='word_1_5' title='bbox 400 202 452 240; x_wconf 87' lang='lat' dir='ltr'>qui</span> <span class='ocrx_word' id='word_1_6' title='bbox 478 203 538 234; x_wconf 88' lang='lat' dir='ltr'>diis</span> 
     </span>
     <span class='ocr_line' id='line_1_3' title="bbox 288 246 535 289; baseline 0.016 -13"><span class='ocrx_word' id='word_1_7' title='bbox 288 246 364 277; x_wconf 86' lang='lat' dir='ltr'>dant</span> <span class='ocrx_word' id='word_1_8' title='bbox 388 247 535 289; x_wconf 77' lang='lat' dir='ltr'>libamen,</span> 
     </span>
    </p>

    <p class='ocr_par' dir='ltr' id='par_1_3' title="bbox 239 289 633 380">
     <span class='ocr_line' id='line_1_4' title="bbox 239 289 497 326; baseline 0.019 -5"><span class='ocrx_word' id='word_1_9' title='bbox 239 289 359 324; x_wconf 82' lang='lat' dir='ltr'>Summi</span> <span class='ocrx_word' id='word_1_10' title='bbox 383 293 497 326; x_wconf 89' lang='lat' dir='ltr'>iudicis</span> 
     </span>
     <span class='ocr_line' id='line_1_5' title="bbox 287 338 633 380; baseline 0.014 -11"><span class='ocrx_word' id='word_1_11' title='bbox 287 338 433 377; x_wconf 87' lang='lat' dir='ltr'>proferre</span> <span class='ocrx_word' id='word_1_12' title='bbox 457 350 633 380; x_wconf 79' lang='lat' dir='ltr'>gravamen.</span> 
     </span>
    </p>
   </div>
   <div class='ocr_carea' id='block_1_3' title="bbox 197 421 627 964">
    <p class='ocr_par' dir='ltr' id='par_1_4' title="bbox 197 421 627 964">
     <span class='ocr_line' id='line_1_6' title="bbox 206 421 457 456; baseline 0.016 -4"><span class='ocrx_word' id='word_1_13' title='bbox 206 447 211 452; x_wconf 95' lang='lat'>.</span> <span class='ocrx_word' id='word_1_14' title='bbox 236 421 348 453; x_wconf 85' lang='lat' dir='ltr'><strong>Mundi</strong></span> <span class='ocrx_word' id='word_1_15' title='bbox 374 423 457 456; x_wconf 90' lang='lat' dir='ltr'>bona</span> 
     </span>
     <span class='ocr_line' id='line_1_7' title="bbox 283 468 627 507; baseline 0.015 -8"><span class='ocrx_word' id='word_1_16' title='bbox 283 468 463 507; x_wconf 81' lang='lat' dir='ltr'><strong>praefectus</strong></span> <span class='ocrx_word' id='word_1_17' title='bbox 488 472 627 504; x_wconf 82' lang='lat' dir='ltr'><strong>ambiens</strong></span> 
     </span>
     <span class='ocr_line' id='line_1_8' title="bbox 238 513 498 555; baseline 0.019 -11"><span class='ocrx_word' id='word_1_18' title='bbox 238 513 366 547; x_wconf 87' lang='lat' dir='ltr'>Silvano</span> <span class='ocrx_word' id='word_1_19' title='bbox 388 520 498 555; x_wconf 88' lang='lat' dir='ltr'>quarto</span> 
     </span>
     <span class='ocr_line' id='line_1_9' title="bbox 285 562 553 603; baseline 0.011 -11"><span class='ocrx_word' id='word_1_20' title='bbox 285 564 353 592; x_wconf 86' lang='lat' dir='ltr'>erat</span> <span class='ocrx_word' id='word_1_21' title='bbox 376 562 553 603; x_wconf 85' lang='lat' dir='ltr'><strong>blandiens,</strong></span> 
     </span>
     <span class='ocr_line' id='line_1_10' title="bbox 237 606 471 640; baseline 0.013 -3"><span class='ocrx_word' id='word_1_22' title='bbox 237 606 282 638; x_wconf 81' lang='lat' dir='ltr'>Ut</span> <span class='ocrx_word' id='word_1_23' title='bbox 304 617 323 638; x_wconf 86' lang='lat' dir='ltr'>a</span> <span class='ocrx_word' id='word_1_24' title='bbox 347 609 471 640; x_wconf 88' lang='lat' dir='ltr'>cultura</span> 
     </span>
     <span class='ocr_line' id='line_1_11' title="bbox 286 654 498 687; baseline 0.009 -2"><span class='ocrx_word' id='word_1_25' title='bbox 286 654 346 685; x_wconf 87' lang='lat' dir='ltr'>Dei</span> <span class='ocrx_word' id='word_1_26' title='bbox 371 656 498 687; x_wconf 84' lang='lat' dir='ltr'>rediens</span> 
     </span>
     <span class='ocr_line' id='line_1_12' title="bbox 237 699 398 731; baseline 0.006 -1"><span class='ocrx_word' id='word_1_27' title='bbox 237 699 308 731; x_wconf 84' lang='lat' dir='ltr'>Diis</span> <span class='ocrx_word' id='word_1_28' title='bbox 333 701 398 731; x_wconf 88' lang='lat' dir='ltr'>suis</span> 
     </span>
     <span class='ocr_line' id='line_1_13' title="bbox 284 745 564 791; baseline 0.011 -14"><span class='ocrx_word' id='word_1_29' title='bbox 284 745 341 777; x_wconf 84' lang='lat' dir='ltr'>fiat</span> <span class='ocrx_word' id='word_1_30' title='bbox 366 747 564 791; x_wconf 81' lang='lat' dir='ltr'>deserviens3</span> 
     </span>
     <span class='ocr_line' id='line_1_14' title="bbox 197 792 409 831; baseline 0.009 -8"><span class='ocrx_word' id='word_1_31' title='bbox 197 816 205 823; x_wconf 91' lang='lat'><strong>.</strong></span> <span class='ocrx_word' id='word_1_32' title='bbox 236 792 310 831; x_wconf 89' lang='lat' dir='ltr'>Ipse</span> <span class='ocrx_word' id='word_1_33' title='bbox 335 801 409 825; x_wconf 88' lang='lat' dir='ltr'>vero</span> 
     </span>
     <span class='ocr_line' id='line_1_15' title="bbox 286 841 597 880; baseline 0.01 -11"><span class='ocrx_word' id='word_1_34' title='bbox 286 842 397 870; x_wconf 88' lang='lat' dir='ltr'>cuncta</span> <span class='ocrx_word' id='word_1_35' title='bbox 423 841 597 880; x_wconf 87' lang='lat' dir='ltr'>despiciens</span> 
     </span>
     <span class='ocr_line' id='line_1_16' title="bbox 234 885 604 918; baseline 0.011 -3"><span class='ocrx_word' id='word_1_36' title='bbox 234 885 296 916; x_wconf 89' lang='lat' dir='ltr'>Pro</span> <span class='ocrx_word' id='word_1_37' title='bbox 323 885 448 917; x_wconf 87' lang='lat' dir='ltr'>Christo</span> <span class='ocrx_word' id='word_1_38' title='bbox 473 890 604 918; x_wconf 88' lang='lat' dir='ltr'>mortem</span> 
     </span>
     <span class='ocr_line' id='line_1_17' title="bbox 284 932 494 964; baseline 0.014 -3"><span class='ocrx_word' id='word_1_39' title='bbox 284 934 353 962; x_wconf 85' lang='lat' dir='ltr'>erat</span> <span class='ocrx_word' id='word_1_40' title='bbox 376 932 494 964; x_wconf 83' lang='lat' dir='ltr'>sitiens.</span> 
     </span>
    </p>
   </div>
   <div class='ocr_carea' id='block_1_4' title="bbox 189 1013 618 1563">
    <p class='ocr_par' dir='ltr' id='par_1_5' title="bbox 189 1013 618 1563">
     <span class='ocr_line' id='line_1_18' title="bbox 200 1013 472 1046; baseline 0.011 -3"><span class='ocrx_word' id='word_1_41' title='bbox 200 1037 206 1043; x_wconf 96' lang='lat'>.</span> <span class='ocrx_word' id='word_1_42' title='bbox 235 1013 305 1045; x_wconf 84' lang='lat' dir='ltr'>Non</span> <span class='ocrx_word' id='word_1_43' title='bbox 331 1018 472 1046; x_wconf 78' lang='lat' dir='ltr'>cessante</span> 
     </span>
     <span class='ocr_line' id='line_1_19' title="bbox 280 1059 567 1098; baseline 0.01 -7"><span class='ocrx_word' id='word_1_44' title='bbox 280 1059 433 1098; x_wconf 86' lang='lat' dir='ltr'>praefecti</span> <span class='ocrx_word' id='word_1_45' title='bbox 460 1070 567 1093; x_wconf 87' lang='lat' dir='ltr'>errore</span> 
     </span>
     <span class='ocr_line' id='line_1_20' title="bbox 233 1106 449 1137; baseline 0.005 -1"><span class='ocrx_word' id='word_1_46' title='bbox 233 1106 449 1137; x_wconf 83' lang='lat' dir='ltr'>Alexandrum</span> 
     </span>
     <span class='ocr_line' id='line_1_21' title="bbox 281 1155 618 1196; baseline 0.006 -13"><span class='ocrx_word' id='word_1_47' title='bbox 281 1155 424 1196; x_wconf 82' lang='lat' dir='ltr'>temptat,</span> <span class='ocrx_word' id='word_1_48' title='bbox 452 1156 488 1184; x_wconf 83' lang='lat' dir='ltr'>ut</span> <span class='ocrx_word' id='word_1_49' title='bbox 511 1163 618 1186; x_wconf 85' lang='lat' dir='ltr'>amore</span> 
     </span>
     <span class='ocr_line' id='line_1_22' title="bbox 232 1199 483 1238; baseline 0.008 -9"><span class='ocrx_word' id='word_1_50' title='bbox 232 1199 355 1229; x_wconf 86' lang='lat' dir='ltr'>Aetatis</span> <span class='ocrx_word' id='word_1_51' title='bbox 380 1200 483 1238; x_wconf 90' lang='lat' dir='ltr'>primo</span> 
     </span>
     <span class='ocr_line' id='line_1_23' title="bbox 277 1243 550 1285; baseline 0.011 -10"><span class='ocrx_word' id='word_1_52' title='bbox 277 1243 448 1285; x_wconf 82' lang='lat' dir='ltr'>fulgentior</span> <span class='ocrx_word' id='word_1_53' title='bbox 472 1245 550 1278; x_wconf 92' lang='lat' dir='ltr'>flore</span> 
     </span>
     <span class='ocr_line' id='line_1_24' title="bbox 228 1290 428 1322; baseline 0 0"><span class='ocrx_word' id='word_1_54' title='bbox 228 1290 312 1322; x_wconf 87' lang='lat' dir='ltr'>Deos</span> <span class='ocrx_word' id='word_1_55' title='bbox 338 1292 428 1322; x_wconf 90' lang='lat' dir='ltr'>huius</span> 
     </span>
     <span class='ocr_line' id='line_1_25' title="bbox 277 1338 614 1379; baseline 0.006 -10"><span class='ocrx_word' id='word_1_56' title='bbox 277 1338 361 1369; x_wconf 83' lang='lat' dir='ltr'>colat</span> <span class='ocrx_word' id='word_1_57' title='bbox 386 1347 453 1369; x_wconf 86' lang='lat' dir='ltr'>cum</span> <span class='ocrx_word' id='word_1_58' title='bbox 478 1339 614 1379; x_wconf 87' lang='lat' dir='ltr'>honore;</span> 
     </span>
     <span class='ocr_line' id='line_1_26' title="bbox 189 1384 417 1416; baseline -0.004 0"><span class='ocrx_word' id='word_1_59' title='bbox 189 1409 196 1416; x_wconf 93' lang='lat'>.</span> <span class='ocrx_word' id='word_1_60' title='bbox 229 1384 289 1415; x_wconf 88' lang='lat' dir='ltr'>llle</span> <span class='ocrx_word' id='word_1_61' title='bbox 313 1387 417 1415; x_wconf 87' lang='lat' dir='ltr'>autem</span> 
     </span>
     <span class='ocr_line' id='line_1_27' title="bbox 278 1431 605 1471; baseline 0.006 -10"><span class='ocrx_word' id='word_1_62' title='bbox 278 1439 475 1471; x_wconf 85' lang='lat' dir='ltr'>nequaquam</span> <span class='ocrx_word' id='word_1_63' title='bbox 499 1431 605 1463; x_wconf 91' lang='lat' dir='ltr'>labilis</span> 
     </span>
     <span class='ocr_line' id='line_1_28' title="bbox 226 1476 493 1509; baseline 0 -1"><span class='ocrx_word' id='word_1_64' title='bbox 226 1476 262 1508; x_wconf 90' lang='lat' dir='ltr'>In</span> <span class='ocrx_word' id='word_1_65' title='bbox 288 1476 351 1509; x_wconf 87' lang='lat' dir='ltr'>fide</span> <span class='ocrx_word' id='word_1_66' title='bbox 377 1477 493 1509; x_wconf 85' lang='lat' dir='ltr'>Christi</span> 
     </span>
     <span class='ocr_line' id='line_1_29' title="bbox 272 1525 603 1563; baseline 0.006 -9"><span class='ocrx_word' id='word_1_67' title='bbox 272 1525 446 1563; x_wconf 82' lang='lat' dir='ltr'>permansit</span> <span class='ocrx_word' id='word_1_68' title='bbox 470 1525 603 1556; x_wconf 87' lang='lat' dir='ltr'>stabilis.</span> 
     </span>
    </p>
   </div>
   <div class='ocr_carea' id='block_1_5' title="bbox 284 1617 640 1653">
    <p class='ocr_par' dir='ltr' id='par_1_6' title="bbox 284 1617 640 1653">
     <span class='ocr_line' id='line_1_30' title="bbox 284 1617 640 1653; baseline 0.008 -4"><span class='ocrx_word' id='word_1_69' title='bbox 284 1618 330 1649; x_wconf 95' lang='lat' dir='ltr'>In</span> <span class='ocrx_word' id='word_1_70' title='bbox 356 1618 389 1650; x_wconf 85' lang='lat'>3.</span> <span class='ocrx_word' id='word_1_71' title='bbox 416 1617 640 1653; x_wconf 77' lang='lat' dir='ltr'>NocturnO.</span> 
     </span>
    </p>
   </div>
   <div class='ocr_carea' id='block_1_6' title="bbox 364 1690 558 1726">
    <p class='ocr_par' dir='ltr' id='par_1_7' title="bbox 364 1690 558 1726">
     <span class='ocr_line' id='line_1_31' title="bbox 364 1690 558 1726; baseline 0.01 -9"><span class='ocrx_word' id='word_1_72' title='bbox 364 1690 558 1726; x_wconf 85' lang='lat' dir='ltr'>Antiphonae.</span> 
     </span>
    </p>
   </div>
   <div class='ocr_carea' id='block_1_7' title="bbox 186 1745 668 1923">
    <p class='ocr_par' dir='ltr' id='par_1_8' title="bbox 186 1745 668 1923">
     <span class='ocr_line' id='line_1_32' title="bbox 186 1745 599 1788; baseline 0.01 -11"><span class='ocrx_word' id='word_1_73' title='bbox 186 1772 193 1778; x_wconf 96' lang='lat'>.</span> <span class='ocrx_word' id='word_1_74' title='bbox 218 1745 415 1779; x_wconf 85' lang='lat' dir='ltr'>Sanctissimi</span> <span class='ocrx_word' id='word_1_75' title='bbox 443 1751 599 1788; x_wconf 75' lang='lat' dir='ltr'>martyres</span> 
     </span>
     <span class='ocr_line' id='line_1_33' title="bbox 268 1795 668 1838; baseline 0.008 -13"><span class='ocrx_word' id='word_1_76' title='bbox 268 1796 300 1825; x_wconf 86' lang='lat' dir='ltr'>ut</span> <span class='ocrx_word' id='word_1_77' title='bbox 327 1803 416 1826; x_wconf 91' lang='lat' dir='ltr'>mons</span> <span class='ocrx_word' id='word_1_78' title='bbox 442 1795 516 1827; x_wconf 88' lang='lat' dir='ltr'>Sion</span> <span class='ocrx_word' id='word_1_79' title='bbox 539 1799 668 1838; x_wconf 86' lang='lat' dir='ltr'>stantes,</span> 
     </span>
     <span class='ocr_line' id='line_1_34' title="bbox 219 1840 588 1874; baseline 0.005 -2"><span class='ocrx_word' id='word_1_80' title='bbox 219 1840 450 1872; x_wconf 87' lang='lat' dir='ltr'>Blandimentis</span> <span class='ocrx_word' id='word_1_81' title='bbox 475 1842 588 1874; x_wconf 86' lang='lat' dir='ltr'>iudicis</span> 
     </span>
     <span class='ocr_line' id='line_1_35' title="bbox 267 1888 581 1923; baseline 0.01 -5"><span class='ocrx_word' id='word_1_82' title='bbox 267 1891 358 1918; x_wconf 86' lang='lat' dir='ltr'>erant</span> <span class='ocrx_word' id='word_1_83' title='bbox 380 1888 581 1923; x_wconf 70' lang='lat' dir='ltr'>rebellantes</span> 
     </span>
    </p>
   </div>
   <div class='ocr_carea' id='block_1_8' title="bbox 183 1972 695 2148">
    <p class='ocr_par' dir='ltr' id='par_1_9' title="bbox 183 1972 633 2058">
     <span class='ocr_line' id='line_1_36' title="bbox 183 1972 633 2012; baseline 0.007 -9"><span class='ocrx_word' id='word_1_84' title='bbox 183 1998 188 2003; x_wconf 93' lang='lat'><em>.</em></span> <span class='ocrx_word' id='word_1_85' title='bbox 217 1972 359 2012; x_wconf 84' lang='lat' dir='ltr'>Namque</span> <span class='ocrx_word' id='word_1_86' title='bbox 384 1976 491 2004; x_wconf 83' lang='lat' dir='ltr'>sextus</span> <span class='ocrx_word' id='word_1_87' title='bbox 516 1973 633 2006; x_wconf 85' lang='lat' dir='ltr'>Vitalis</span> 
     </span>
     <span class='ocr_line' id='line_1_37' title="bbox 261 2020 551 2058; baseline 0.01 -9"><span class='ocrx_word' id='word_1_88' title='bbox 261 2020 403 2058; x_wconf 85' lang='lat' dir='ltr'>praesidi</span> <span class='ocrx_word' id='word_1_89' title='bbox 428 2020 551 2052; x_wconf 87' lang='lat' dir='ltr'>oblatus</span> 
     </span>
    </p>

    <p class='ocr_par' dir='ltr' id='par_1_10' title="bbox 216 2065 695 2148">
     <span class='ocr_line' id='line_1_38' title="bbox 216 2065 695 2107; baseline 0.006 -10"><span class='ocrx_word' id='word_1_90' title='bbox 216 2065 288 2097; x_wconf 86' lang='lat' dir='ltr'>Non</span> <span class='ocrx_word' id='word_1_91' title='bbox 313 2066 416 2107; x_wconf 90' lang='lat' dir='ltr'>minis,</span> <span class='ocrx_word' id='word_1_92' title='bbox 442 2076 505 2099; x_wconf 91' lang='lat' dir='ltr'>non</span> <span class='ocrx_word' id='word_1_93' title='bbox 530 2067 695 2100; x_wconf 83' lang='lat' dir='ltr'>blanditiis</span> 
     </span>
     <span class='ocr_line' id='line_1_39' title="bbox 264 2113 624 2148; baseline 0.006 -3"><span class='ocrx_word' id='word_1_94' title='bbox 264 2113 390 2145; x_wconf 87' lang='lat' dir='ltr'>Christo</span> <span class='ocrx_word' id='word_1_95' title='bbox 416 2117 463 2145; x_wconf 89' lang='lat' dir='ltr'>est</span> <span class='ocrx_word' id='word_1_96' title='bbox 488 2114 624 2148; x_wconf 73' lang='lat' dir='ltr'>ablatus,</span> 
     </span>
    </p>
   </div>
   <div class='ocr_carea' id='block_1_9' title="bbox 180 2196 651 2376">
    <p class='ocr_par' dir='ltr' id='par_1_11' title="bbox 180 2196 651 2376">
     <span class='ocr_line' id='line_1_40' title="bbox 180 2196 593 2237; baseline 0.005 -10"><span class='ocrx_word' id='word_1_97' title='bbox 180 2219 186 2227; x_wconf 95' lang='lat'><strong><em>.</em></strong></span> <span class='ocrx_word' id='word_1_98' title='bbox 214 2196 329 2228; x_wconf 87' lang='lat' dir='ltr'>Omnes</span> <span class='ocrx_word' id='word_1_99' title='bbox 356 2196 430 2228; x_wconf 88' lang='lat' dir='ltr'>deos</span> <span class='ocrx_word' id='word_1_100' title='bbox 455 2198 593 2237; x_wconf 81' lang='lat' dir='ltr'>gentium</span> 
     </span>
     <span class='ocr_line' id='line_1_41' title="bbox 257 2243 591 2284; baseline 0.009 -11"><span class='ocrx_word' id='word_1_101' title='bbox 257 2243 423 2274; x_wconf 84' lang='lat' dir='ltr'>daemones</span> <span class='ocrx_word' id='word_1_102' title='bbox 446 2247 591 2284; x_wconf 85' lang='lat' dir='ltr'>testatur,</span> 
     </span>
     <span class='ocr_line' id='line_1_42' title="bbox 211 2288 651 2323; baseline 0.009 -4"><span class='ocrx_word' id='word_1_103' title='bbox 211 2288 371 2320; x_wconf 79' lang='lat' dir='ltr'>Christum</span> <span class='ocrx_word' id='word_1_104' title='bbox 398 2298 467 2321; x_wconf 91' lang='lat' dir='ltr'>esse</span> <span class='ocrx_word' id='word_1_105' title='bbox 494 2291 651 2323; x_wconf 91' lang='lat' dir='ltr'>dominum</span> 
     </span>
     <span class='ocr_line' id='line_1_43' title="bbox 257 2336 573 2376; baseline 0.016 -10"><span class='ocrx_word' id='word_1_106' title='bbox 257 2336 394 2368; x_wconf 90' lang='lat' dir='ltr'>omnium</span> <span class='ocrx_word' id='word_1_107' title='bbox 418 2336 573 2376; x_wconf 85' lang='lat' dir='ltr'>profatur.</span> 
     </span>
    </p>
   </div>
   <div class='ocr_carea' id='block_1_10' title="bbox 1040 212 1243 247">
    <p class='ocr_par' dir='ltr' id='par_1_12' title="bbox 1040 212 1243 247">
     <span class='ocr_line' id='line_1_44' title="bbox 1040 212 1243 247; baseline 0.005 -9"><span class='ocrx_word' id='word_1_108' title='bbox 1040 212 1243 247; x_wconf 82' lang='lat' dir='ltr'>Responsoria.</span> 
     </span>
    </p>
   </div>
   <div class='ocr_carea' id='block_1_11' title="bbox 838 265 1338 726">
    <p class='ocr_par' dir='ltr' id='par_1_13' title="bbox 838 265 1338 726">
     <span class='ocr_line' id='line_1_45' title="bbox 853 265 1185 301; baseline 0.009 -5"><span class='ocrx_word' id='word_1_109' title='bbox 853 265 883 296; x_wconf 85' lang='lat'>1.</span> <span class='ocrx_word' id='word_1_110' title='bbox 908 266 1049 297; x_wconf 78' lang='lat' dir='ltr'>Tandem</span> <span class='ocrx_word' id='word_1_111' title='bbox 1073 268 1185 301; x_wconf 87' lang='lat' dir='ltr'>Marti-</span> 
     </span>
     <span class='ocr_line' id='line_1_46' title="bbox 957 313 1218 355; baseline 0.019 -12"><span class='ocrx_word' id='word_1_112' title='bbox 957 313 1016 345; x_wconf 86' lang='lat' dir='ltr'>alis</span> <span class='ocrx_word' id='word_1_113' title='bbox 1041 315 1218 355; x_wconf 83' lang='lat' dir='ltr'>adducitur,</span> 
     </span>
     <span class='ocr_line' id='line_1_47' title="bbox 908 358 1227 394; baseline 0.019 -6"><span class='ocrx_word' id='word_1_114' title='bbox 908 358 1040 390; x_wconf 88' lang='lat' dir='ltr'>Praeses</span> <span class='ocrx_word' id='word_1_115' title='bbox 1057 361 1139 392; x_wconf 92' lang='lat' dir='ltr'>hunc</span> <span class='ocrx_word' id='word_1_116' title='bbox 1155 363 1227 394; x_wconf 91' lang='lat' dir='ltr'>sub-</span> 
     </span>
     <span class='ocr_line' id='line_1_48' title="bbox 953 408 1219 449; baseline 0.015 -13"><span class='ocrx_word' id='word_1_117' title='bbox 953 409 1075 438; x_wconf 89' lang='lat' dir='ltr'>vertere</span> <span class='ocrx_word' id='word_1_118' title='bbox 1100 408 1219 449; x_wconf 84' lang='lat' dir='ltr'>nititur,</span> 
     </span>
     <span class='ocr_line' id='line_1_49' title="bbox 908 452 1094 484; baseline 0.011 -2"><span class='ocrx_word' id='word_1_119' title='bbox 908 452 967 483; x_wconf 87' lang='lat' dir='ltr'>llle</span> <span class='ocrx_word' id='word_1_120' title='bbox 991 456 1094 484; x_wconf 87' lang='lat' dir='ltr'>autem</span> 
     </span>
     <span class='ocr_line' id='line_1_50' title="bbox 951 502 1322 547; baseline 0.016 -18"><span class='ocrx_word' id='word_1_121' title='bbox 951 507 1143 539; x_wconf 88' lang='lat' dir='ltr'>nequaquam</span> <span class='ocrx_word' id='word_1_122' title='bbox 1168 502 1322 547; x_wconf 79' lang='lat' dir='ltr'>vincitur3</span> 
     </span>
     <span class='ocr_line' id='line_1_51' title="bbox 838 543 1111 585; baseline 0.015 -12"><span class='ocrx_word' id='word_1_123' title='bbox 838 543 874 573; x_wconf 92' lang='lat' dir='ltr'>V.</span> <span class='ocrx_word' id='word_1_124' title='bbox 905 544 1003 575; x_wconf 88' lang='lat' dir='ltr'>Iussis</span> <span class='ocrx_word' id='word_1_125' title='bbox 1029 547 1111 585; x_wconf 80' lang='lat' dir='ltr'>regis</span> 
     </span>
     <span class='ocr_line' id='line_1_52' title="bbox 953 593 1191 630; baseline 0.017 -9"><span class='ocrx_word' id='word_1_126' title='bbox 953 600 1067 630; x_wconf 86' lang='lat' dir='ltr'>parere</span> <span class='ocrx_word' id='word_1_127' title='bbox 1091 593 1191 625; x_wconf 86' lang='lat' dir='ltr'>allicit</span> 
     </span>
     <span class='ocr_line' id='line_1_53' title="bbox 908 636 1212 682; baseline 0.013 -15"><span class='ocrx_word' id='word_1_128' title='bbox 908 636 1000 668; x_wconf 89' lang='lat' dir='ltr'>Hunc</span> <span class='ocrx_word' id='word_1_129' title='bbox 1023 638 1212 682; x_wconf 80' lang='lat' dir='ltr'>praefectus,</span> 
     </span>
     <span class='ocr_line' id='line_1_54' title="bbox 952 684 1338 726; baseline 0.016 -12"><span class='ocrx_word' id='word_1_130' title='bbox 952 684 1008 715; x_wconf 92' lang='lat' dir='ltr'>sed</span> <span class='ocrx_word' id='word_1_131' title='bbox 1034 685 1092 716; x_wconf 90' lang='lat' dir='ltr'>hoc</span> <span class='ocrx_word' id='word_1_132' title='bbox 1116 695 1177 718; x_wconf 89' lang='lat' dir='ltr'>non</span> <span class='ocrx_word' id='word_1_133' title='bbox 1203 688 1338 726; x_wconf 86' lang='lat' dir='ltr'>proficit.</span> 
     </span>
    </p>
   </div>
   <div class='ocr_carea' id='block_1_12' title="bbox 834 758 1301 1216">
    <p class='ocr_par' dir='ltr' id='par_1_14' title="bbox 834 758 1301 1216">
     <span class='ocr_line' id='line_1_55' title="bbox 851 758 1146 792; baseline 0.014 -4"><span class='ocrx_word' id='word_1_134' title='bbox 851 758 881 788; x_wconf 84' lang='lat'>2.</span> <span class='ocrx_word' id='word_1_135' title='bbox 908 758 1006 789; x_wconf 84' lang='lat' dir='ltr'>ludex</span> <span class='ocrx_word' id='word_1_136' title='bbox 1030 761 1146 792; x_wconf 91' lang='lat' dir='ltr'>sanctis</span> 
     </span>
     <span class='ocr_line' id='line_1_56' title="bbox 950 805 1267 844; baseline 0.025 -9"><span class='ocrx_word' id='word_1_137' title='bbox 950 805 1091 844; x_wconf 87' lang='lat' dir='ltr'>probatis</span> <span class='ocrx_word' id='word_1_138' title='bbox 1116 808 1267 842; x_wconf 60' lang='lat' dir='ltr'>omnibus.</span> 
     </span>
     <span class='ocr_line' id='line_1_57' title="bbox 905 849 1138 884; baseline 0.017 -4"><span class='ocrx_word' id='word_1_139' title='bbox 905 849 968 881; x_wconf 87' lang='lat' dir='ltr'>Sed</span> <span class='ocrx_word' id='word_1_140' title='bbox 993 852 1052 882; x_wconf 92' lang='lat' dir='ltr'>sibi</span> <span class='ocrx_word' id='word_1_141' title='bbox 1076 862 1138 884; x_wconf 92' lang='lat' dir='ltr'>non</span> 
     </span>
     <span class='ocr_line' id='line_1_58' title="bbox 951 897 1197 939; baseline 0.016 -12"><span class='ocrx_word' id='word_1_142' title='bbox 951 897 1197 939; x_wconf 74' lang='lat' dir='ltr'>oboedientibus,</span> 
     </span>
     <span class='ocr_line' id='line_1_59' title="bbox 903 942 1171 976; baseline 0.015 -4"><span class='ocrx_word' id='word_1_143' title='bbox 903 942 983 973; x_wconf 85' lang='lat' dir='ltr'>Adit</span> <span class='ocrx_word' id='word_1_144' title='bbox 1005 944 1171 976; x_wconf 85' lang='lat' dir='ltr'>Caesarem</span> 
     </span>
     <span class='ocr_line' id='line_1_60' title="bbox 951 991 1301 1035; baseline 0.017 -17"><span class='ocrx_word' id='word_1_145' title='bbox 951 997 1018 1019; x_wconf 81' lang='lat' dir='ltr'>cum</span> <span class='ocrx_word' id='word_1_146' title='bbox 1043 991 1301 1035; x_wconf 84' lang='lat' dir='ltr'>suggestionibus,</span> 
     </span>
     <span class='ocr_line' id='line_1_61' title="bbox 834 1034 1139 1075; baseline 0.016 -12"><span class='ocrx_word' id='word_1_147' title='bbox 834 1034 870 1066; x_wconf 91' lang='lat' dir='ltr'>V.</span> <span class='ocrx_word' id='word_1_148' title='bbox 905 1034 957 1065; x_wconf 89' lang='lat' dir='ltr'>Illi</span> <span class='ocrx_word' id='word_1_149' title='bbox 983 1043 1139 1075; x_wconf 83' lang='lat' dir='ltr'>exponens</span> 
     </span>
     <span class='ocr_line' id='line_1_62' title="bbox 951 1081 1215 1123; baseline 0.015 -12"><span class='ocrx_word' id='word_1_150' title='bbox 951 1081 990 1112; x_wconf 89' lang='lat' dir='ltr'>de</span> <span class='ocrx_word' id='word_1_151' title='bbox 1013 1083 1215 1123; x_wconf 81' lang='lat' dir='ltr'>martyribus,</span> 
     </span>
     <span class='ocr_line' id='line_1_63' title="bbox 903 1127 1226 1164; baseline 0.012 -7"><span class='ocrx_word' id='word_1_152' title='bbox 903 1127 990 1164; x_wconf 68' lang='lat' dir='ltr'>Quod</span> <span class='ocrx_word' id='word_1_153' title='bbox 1015 1137 1077 1159; x_wconf 91' lang='lat' dir='ltr'>non</span> <span class='ocrx_word' id='word_1_154' title='bbox 1104 1136 1226 1161; x_wconf 82' lang='lat' dir='ltr'>cessent</span> 
     </span>
     <span class='ocr_line' id='line_1_64' title="bbox 948 1174 1266 1216; baseline 0.013 -12"><span class='ocrx_word' id='word_1_155' title='bbox 948 1183 967 1204; x_wconf 84' lang='lat' dir='ltr'>a</span> <span class='ocrx_word' id='word_1_156' title='bbox 992 1174 1109 1206; x_wconf 78' lang='lat' dir='ltr'>Christi</span> <span class='ocrx_word' id='word_1_157' title='bbox 1134 1176 1266 1216; x_wconf 85' lang='lat' dir='ltr'>legibus.</span> 
     </span>
    </p>
   </div>
   <div class='ocr_carea' id='block_1_13' title="bbox 829 1248 1303 1802">
    <p class='ocr_par' dir='ltr' id='par_1_15' title="bbox 829 1248 1303 1802">
     <span class='ocr_line' id='line_1_65' title="bbox 845 1248 1079 1286; baseline 0.013 -9"><span class='ocrx_word' id='word_1_158' title='bbox 845 1248 874 1278; x_wconf 86' lang='lat'>3.</span> <span class='ocrx_word' id='word_1_159' title='bbox 904 1248 1079 1286; x_wconf 83' lang='lat' dir='ltr'>Imperator</span> 
     </span>
     <span class='ocr_line' id='line_1_66' title="bbox 947 1295 1249 1327; baseline 0.01 -2"><span class='ocrx_word' id='word_1_160' title='bbox 947 1295 1078 1326; x_wconf 64' lang='lat' dir='ltr'>audiens</span> <span class='ocrx_word' id='word_1_161' title='bbox 1105 1296 1249 1327; x_wconf 89' lang='lat' dir='ltr'>Publium</span> 
     </span>
     <span class='ocr_line' id='line_1_67' title="bbox 899 1340 1149 1383; baseline 0.008 -13"><span class='ocrx_word' id='word_1_162' title='bbox 899 1340 1072 1383; x_wconf 82' lang='lat' dir='ltr'>Tyrannos,</span> <span class='ocrx_word' id='word_1_163' title='bbox 1097 1343 1149 1381; x_wconf 88' lang='lat' dir='ltr'>qui</span> 
     </span>
     <span class='ocr_line' id='line_1_68' title="bbox 943 1389 1273 1428; baseline 0.006 -10"><span class='ocrx_word' id='word_1_164' title='bbox 943 1391 1083 1419; x_wconf 82' lang='lat' dir='ltr'>sanctum</span> <span class='ocrx_word' id='word_1_165' title='bbox 1111 1389 1273 1428; x_wconf 85' lang='lat' dir='ltr'>collegium</span> 
     </span>
     <span class='ocr_line' id='line_1_69' title="bbox 898 1433 1152 1473; baseline 0.012 -10"><span class='ocrx_word' id='word_1_166' title='bbox 898 1433 1012 1464; x_wconf 82' lang='lat' dir='ltr'>Mortis</span> <span class='ocrx_word' id='word_1_167' title='bbox 1036 1435 1152 1473; x_wconf 87' lang='lat' dir='ltr'>perdu-</span> 
     </span>
     <span class='ocr_line' id='line_1_70' title="bbox 945 1481 1236 1521; baseline 0.007 -11"><span class='ocrx_word' id='word_1_168' title='bbox 945 1483 1017 1511; x_wconf 85' lang='lat' dir='ltr'>cant</span> <span class='ocrx_word' id='word_1_169' title='bbox 1040 1481 1071 1511; x_wconf 91' lang='lat' dir='ltr'>in</span> <span class='ocrx_word' id='word_1_170' title='bbox 1098 1482 1236 1521; x_wconf 82' lang='lat' dir='ltr'>exitium,</span> 
     </span>
     <span class='ocr_line' id='line_1_71' title="bbox 896 1526 1146 1566; baseline 0.008 -9"><span class='ocrx_word' id='word_1_171' title='bbox 896 1526 988 1557; x_wconf 81' lang='lat' dir='ltr'>Misit</span> <span class='ocrx_word' id='word_1_172' title='bbox 1011 1536 1068 1566; x_wconf 87' lang='lat' dir='ltr'>per</span> <span class='ocrx_word' id='word_1_173' title='bbox 1093 1537 1146 1559; x_wconf 87' lang='lat' dir='ltr'>va-</span> 
     </span>
     <span class='ocr_line' id='line_1_72' title="bbox 941 1574 1244 1615; baseline 0.01 -12"><span class='ocrx_word' id='word_1_174' title='bbox 941 1574 1022 1604; x_wconf 88' lang='lat' dir='ltr'>rium</span> <span class='ocrx_word' id='word_1_175' title='bbox 1046 1575 1244 1615; x_wconf 84' lang='lat' dir='ltr'>supplic-ium,</span> 
     </span>
     <span class='ocr_line' id='line_1_73' title="bbox 829 1619 1182 1661; baseline 0.014 -13"><span class='ocrx_word' id='word_1_176' title='bbox 829 1619 863 1648; x_wconf 92' lang='lat' dir='ltr'>V.</span> <span class='ocrx_word' id='word_1_177' title='bbox 897 1619 953 1658; x_wconf 70' lang='lat' dir='ltr'>Qui</span> <span class='ocrx_word' id='word_1_178' title='bbox 980 1630 1052 1653; x_wconf 80' lang='lat' dir='ltr'>mox</span> <span class='ocrx_word' id='word_1_179' title='bbox 1077 1630 1182 1661; x_wconf 85' lang='lat' dir='ltr'>regem</span> 
     </span>
     <span class='ocr_line' id='line_1_74' title="bbox 942 1669 1263 1708; baseline 0.006 -11"><span class='ocrx_word' id='word_1_180' title='bbox 942 1670 1108 1706; x_wconf 86' lang='lat' dir='ltr'>sequentes</span> <span class='ocrx_word' id='word_1_181' title='bbox 1132 1669 1263 1708; x_wconf 89' lang='lat' dir='ltr'>impium</span> 
     </span>
     <span class='ocr_line' id='line_1_75' title="bbox 896 1712 1168 1755; baseline 0.011 -11"><span class='ocrx_word' id='word_1_182' title='bbox 896 1712 1027 1745; x_wconf 86' lang='lat' dir='ltr'>Sanctos</span> <span class='ocrx_word' id='word_1_183' title='bbox 1051 1716 1168 1755; x_wconf 89' lang='lat' dir='ltr'>perdu-</span> 
     </span>
     <span class='ocr_line' id='line_1_76' title="bbox 943 1762 1303 1802; baseline 0.011 -11"><span class='ocrx_word' id='word_1_184' title='bbox 943 1765 1017 1792; x_wconf 92' lang='lat' dir='ltr'>cunt</span> <span class='ocrx_word' id='word_1_185' title='bbox 1041 1762 1082 1794; x_wconf 89' lang='lat' dir='ltr'>ad</span> <span class='ocrx_word' id='word_1_186' title='bbox 1107 1763 1303 1802; x_wconf 89' lang='lat' dir='ltr'>martyrium.</span> 
     </span>
    </p>
   </div>
   <div class='ocr_carea' id='block_1_14' title="bbox 982 1854 1284 1889">
    <p class='ocr_par' dir='ltr' id='par_1_16' title="bbox 982 1854 1284 1889">
     <span class='ocr_line' id='line_1_77' title="bbox 982 1854 1284 1889; baseline 0.01 -4"><span class='ocrx_word' id='word_1_187' title='bbox 982 1855 1029 1886; x_wconf 89' lang='lat' dir='ltr'>In</span> <span class='ocrx_word' id='word_1_188' title='bbox 1052 1854 1137 1886; x_wconf 91' lang='lat' dir='ltr'>Lau</span> <span class='ocrx_word' id='word_1_189' title='bbox 1151 1856 1284 1889; x_wconf 89' lang='lat' dir='ltr'>dibus.</span> 
     </span>
    </p>
   </div>
   <div class='ocr_carea' id='block_1_15' title="bbox 1036 1929 1228 1965">
    <p class='ocr_par' dir='ltr' id='par_1_17' title="bbox 1036 1929 1228 1965">
     <span class='ocr_line' id='line_1_78' title="bbox 1036 1929 1228 1965; baseline 0.005 -9"><span class='ocrx_word' id='word_1_190' title='bbox 1036 1929 1228 1965; x_wconf 77' lang='lat' dir='ltr'>Antiphonae.</span> 
     </span>
    </p>
   </div>
   <div class='ocr_carea' id='block_1_16' title="bbox 837 1985 1297 2160">
    <p class='ocr_par' dir='ltr' id='par_1_18' title="bbox 837 1985 1284 2117">
     <span class='ocr_line' id='line_1_79' title="bbox 837 1985 1284 2026; baseline 0.004 -10"><span class='ocrx_word' id='word_1_191' title='bbox 837 1986 866 2017; x_wconf 89' lang='lat'>1.</span> <span class='ocrx_word' id='word_1_192' title='bbox 894 1985 1021 2025; x_wconf 87' lang='lat' dir='ltr'>Septem</span> <span class='ocrx_word' id='word_1_193' title='bbox 1049 1987 1112 2017; x_wconf 88' lang='lat' dir='ltr'>vite</span> <span class='ocrx_word' id='word_1_194' title='bbox 1137 1988 1284 2026; x_wconf 87' lang='lat' dir='ltr'>palmites</span> 
     </span>
     <span class='ocr_line' id='line_1_80' title="bbox 938 2033 1259 2074; baseline 0.006 -11"><span class='ocrx_word' id='word_1_195' title='bbox 938 2033 968 2063; x_wconf 91' lang='lat' dir='ltr'>in</span> <span class='ocrx_word' id='word_1_196' title='bbox 995 2042 1058 2064; x_wconf 88' lang='lat' dir='ltr'>una</span> <span class='ocrx_word' id='word_1_197' title='bbox 1083 2037 1259 2074; x_wconf 79' lang='lat' dir='ltr'>creverunt,</span> 
     </span>
     <span class='ocr_line' id='line_1_81' title="bbox 893 2080 1277 2117; baseline 0.005 -7"><span class='ocrx_word' id='word_1_198' title='bbox 893 2081 975 2117; x_wconf 67' lang='lat' dir='ltr'>Quos</span> <span class='ocrx_word' id='word_1_199' title='bbox 1000 2080 1121 2111; x_wconf 84' lang='lat' dir='ltr'>suborti</span> <span class='ocrx_word' id='word_1_200' title='bbox 1146 2080 1277 2112; x_wconf 84' lang='lat' dir='ltr'>frutices</span> 
     </span>
    </p>

    <p class='ocr_par' dir='ltr' id='par_1_19' title="bbox 936 2127 1297 2160">
     <span class='ocr_line' id='line_1_82' title="bbox 936 2127 1297 2160; baseline 0.006 -3"><span class='ocrx_word' id='word_1_201' title='bbox 936 2127 1043 2157; x_wconf 84' lang='lat' dir='ltr'>statim</span> <span class='ocrx_word' id='word_1_202' title='bbox 1069 2128 1297 2160; x_wconf 79' lang='lat' dir='ltr'>exstinxerunt.</span> 
     </span>
    </p>
   </div>
   <div class='ocr_carea' id='block_1_17' title="bbox 833 2201 1340 2381">
    <p class='ocr_par' dir='ltr' id='par_1_20' title="bbox 833 2201 1340 2327">
     <span class='ocr_line' id='line_1_83' title="bbox 833 2201 1340 2241; baseline 0.002 -9"><span class='ocrx_word' id='word_1_203' title='bbox 833 2202 863 2234; x_wconf 84' lang='lat'>2.</span> <span class='ocrx_word' id='word_1_204' title='bbox 890 2201 1013 2233; x_wconf 88' lang='lat' dir='ltr'>Primus</span> <span class='ocrx_word' id='word_1_205' title='bbox 1040 2205 1122 2233; x_wconf 89' lang='lat' dir='ltr'>enim</span> <span class='ocrx_word' id='word_1_206' title='bbox 1146 2202 1340 2241; x_wconf 86' lang='lat' dir='ltr'>plumbaceis</span> 
     </span>
     <span class='ocr_line' id='line_1_84' title="bbox 938 2246 1243 2288; baseline 0.007 -10"><span class='ocrx_word' id='word_1_207' title='bbox 938 2246 1000 2279; x_wconf 88' lang='lat' dir='ltr'>fuit</span> <span class='ocrx_word' id='word_1_208' title='bbox 1022 2249 1243 2288; x_wconf 65' lang='lat' dir='ltr'>interemptus,</span> 
     </span>
     <span class='ocr_line' id='line_1_85' title="bbox 892 2294 1269 2327; baseline 0.005 -2"><span class='ocrx_word' id='word_1_209' title='bbox 892 2294 1054 2326; x_wconf 87' lang='lat' dir='ltr'>Secundus</span> <span class='ocrx_word' id='word_1_210' title='bbox 1081 2304 1148 2327; x_wconf 90' lang='lat' dir='ltr'>cum</span> <span class='ocrx_word' id='word_1_211' title='bbox 1175 2296 1269 2327; x_wconf 86' lang='lat' dir='ltr'>tertio</span> 
     </span>
    </p>

    <p class='ocr_par' dir='ltr' id='par_1_21' title="bbox 940 2340 1314 2381">
     <span class='ocr_line' id='line_1_86' title="bbox 940 2340 1314 2381; baseline 0.003 -9"><span class='ocrx_word' id='word_1_212' title='bbox 940 2340 1023 2372; x_wconf 86' lang='lat' dir='ltr'>fuste</span> <span class='ocrx_word' id='word_1_213' title='bbox 1050 2345 1099 2373; x_wconf 90' lang='lat' dir='ltr'>est</span> <span class='ocrx_word' id='word_1_214' title='bbox 1122 2345 1314 2381; x_wconf 84' lang='lat' dir='ltr'>peremptus.</span> 
     </span>
    </p>
   </div>
  </div>
 </body>
</html>
