1650 2542
745 135 996 169 —212—

307 228 358 260 Ibi
379 238 496 261 moram
518 228 634 260 faciens

354 275 445 306 ardet
468 278 500 306 et
522 275 709 316 accenditur,

307 321 351 352 Et
371 324 407 352 ut
430 322 525 361 magis
550 322 667 362 ardeat,

355 366 515 405 Seraphim
540 366 692 406 efficitur3

270 437 278 445 .
308 413 487 444 Praesentia
510 411 639 454 fastidit,

350 461 475 489 aeterna
494 460 658 499 scrutatur,

309 503 435 535 Cibatur
461 504 619 542 secretius,

352 550 423 581 dum
449 549 570 582 Christo
597 550 800 589 coniungitur.

361 623 406 654 In
431 624 461 655 3.
487 622 707 657 Nocturno.

433 677 633 712 Responsoria.

271 748 278 755 .
305 725 440 763 Virginis
465 725 558 755 exitio

351 769 387 801 fit
409 771 551 801 machina
575 780 667 803 saeva
691 775 838 811 rotarum,

301 816 449 855 Angelico
475 817 567 855 pulsu

348 863 431 900 perit
450 862 559 902 ingens
583 863 675 895 turba
691 864 837 904 virorum,

301 908 353 939 Sic
375 917 436 939 non
459 908 612 939 imminuit

349 963 459 993 corpus
468 955 551 985 mala
559 953 679 986 fabrica
687 958 837 999 sanctum,

264 1025 271 1032 .
301 1000 345 1032 Ut
366 1000 518 1039 quondam
542 1001 646 1039 pueris

349 1045 459 1077 fornax
484 1046 640 1078 Chaldaea
664 1049 813 1087 pepercit.

272 1125 279 1132 .
305 1101 329 1132 O
356 1101 470 1133 Christi
494 1102 602 1141 pietas,

349 1156 366 1178 o
390 1147 488 1178 virtus
512 1150 605 1187 atque
628 1151 775 1189 potestas,

304 1192 438 1232 Virginis
464 1201 501 1224 ex
524 1194 668 1225 membris

349 1239 430 1270 sacri
453 1237 522 1270 fluit
544 1240 630 1271 unda
652 1241 791 1282 liquoris,

300 1284 392 1316 Unde
414 1284 492 1316 fides
516 1286 616 1325 aegris

343 1329 480 1362 infundit
505 1332 585 1363 dona
608 1333 734 1373 salutis,

262 1400 269 1408 .
300 1376 435 1415 Virginis
460 1377 498 1408 ob
522 1378 664 1409 meritum

341 1425 445 1454 manet
453 1423 511 1454 hoc
520 1424 720 1456 memorabile
728 1426 858 1466 signum.

385 1496 429 1527 111
454 1497 677 1529 Laudibus.

421 1555 466 1582 Ad
484 1556 664 1584 Benedictus.

262 1623 268 1629 .
299 1597 485 1629 Benedictus
509 1599 669 1642 Dominus,

297 1644 354 1682 Qui
377 1653 433 1675 nos
457 1645 596 1677 visitavit

968 228 1012 259 Et
1034 227 1067 258 in
1092 229 1259 266 conspectu
1282 225 1419 266 gentium

968 273 1123 306 Iustitiam
1146 282 1233 304 suam
1257 272 1418 312 revelavit,

969 320 1057 358 Quod
1080 320 1143 351 iam
1168 320 1286 351 dudum
1310 318 1493 358 prophetico

967 366 1201 405 Praesignatum
1225 366 1349 397 oraculo

966 413 1005 444 In
1029 412 1140 444 beatae
1165 412 1358 444 Katharinae

967 458 1154 489 Declaratur
1182 458 1362 497 mutatione,

966 506 1051 544 Quae
1075 513 1169 536 carne
1192 505 1294 536 soluta
1314 504 1409 535 hodie

966 550 1032 582 Lac
1058 549 1142 582 fudit
1165 560 1223 590 pro
1247 551 1398 590 sanguine

963 597 1007 628 Et
1027 597 1060 627 in
1086 599 1253 636 conspectu
1276 597 1413 636 gentium

965 643 1001 674 ln
1028 643 1080 674 via
1100 643 1237 674 mirabili

962 689 1013 720 Ab
1042 689 1160 728 angelis
1186 690 1280 720 ducta
1304 691 1352 720 est

964 735 1000 766 In
1025 738 1159 766 montem
1184 735 1280 767 Sinai.

1099 845 1143 872 Ad
1166 846 1301 872 Primam.

926 937 933 943 .
965 909 1098 951 Christe,
1123 912 1208 942 salus
1232 912 1333 950 unica,

965 959 1026 990 Per
1051 958 1246 989 Katharinae
1269 959 1382 989 merita

964 1004 1092 1035 Manum
1116 1004 1351 1036 misericordiae

964 1050 1076 1088 Lapsis
1101 1050 1234 1090 benigne
1258 1051 1384 1090 porrige

966 1096 1149 1136 Lavansque
1173 1106 1228 1128 nos
1253 1106 1272 1128 a
1294 1098 1440 1129 sordibus

965 1142 1077 1175 Redde
1100 1143 1243 1183 polorum
1268 1144 1405 1176 sedibus.

1083 1253 1128 1279 Ad
1146 1252 1322 1288 Magnificat.

927 1344 932 1349 .
962 1318 1041 1358 Ave,
1064 1318 1217 1357 virginum
1242 1328 1363 1359 gemma
1387 1321 1508 1354 Katha-

1283 1375 1362 1405 rina,

963 1411 1041 1450 Ave,
1067 1420 1181 1450 sponsa
1205 1412 1287 1451 regis
1311 1421 1417 1452 regum
1443 1415 1508 1454 glo-

1282 1458 1375 1497 riosa,

963 1503 1041 1544 Ave,
1067 1503 1140 1535 viva
1166 1503 1284 1536 Christi
1309 1505 1422 1546 hostia,

964 1549 1032 1580 Tua
1055 1550 1278 1583 venerantibus
1299 1553 1475 1590 patrocinia

963 1595 1135 1634 Impetrata
1174 1605 1236 1628 non
1274 1598 1408 1638 deneges
1444 1599 1508 1631 suf-

1283 1642 1393 1684 fragia.

301 1716 383 1742 Brev.
417 1725 468 1743 ms.
499 1717 685 1746 OEsterciense
724 1728 797 1747 saec.
826 1719 868 1748 13.
918 1721 985 1749 Cod.
1016 1723 1213 1759 Stuttgaitien.
1247 1723 1288 1752 lb
1318 1724 1363 1754 89.
1398 1742 1433 1746 -
1469 1729 1508 1755 In

230 1751 253 1779 1.
267 1753 334 1779 Ves
341 1762 368 1787 p.
385 1751 406 1778 Α
420 1751 446 1787 3,
461 1752 478 1780 5
497 1754 538 1781 Et
555 1754 614 1781 fiat.
635 1770 666 1774 ->
691 1757 735 1783 Ad
754 1757 850 1792 Magn.
872 1756 904 1791 Α,
921 1757 939 1786 8
959 1760 1050 1792 Quem
1069 1761 1178 1788 videns.
1200 1777 1237 1781 —
1256 1763 1329 1790 Ibid.
1347 1762 1381 1791 10
1401 1768 1508 1793 sertum

227 1789 305 1815 fehlt.
344 1790 417 1816 Ibid.
440 1788 474 1817 12
492 1791 610 1818 Evadis.
637 1808 672 1812 —
699 1794 738 1820 In
760 1793 784 1821 1.
804 1795 831 1822 N
838 1798 903 1822 oct.
923 1795 945 1822 Α
968 1796 991 1830 1,
1012 1795 1031 1824 4
1058 1799 1179 1825 interius
1199 1801 1384 1834 praecordiis.
1406 1817 1416 1821 -
1463 1801 1506 1829 ΒΗ

227 1826 383 1859 prosaisch.
409 1843 444 1846 —
468 1828 510 1854 In
529 1826 554 1854 2.
574 1829 672 1856 Noct.
694 1828 713 1855 R
733 1830 753 1858 4
770 1833 926 1867 prosaisch.
947 1848 982 1852 —
1010 1835 1052 1861 In
1071 1833 1096 1862 3.
1117 1836 1217 1863 Noct.
1237 1837 1280 1863 Ad
1304 1838 1386 1866 Cant.
1407 1838 1428 1865 Α
1449 1842 1509 1868 und

228 1860 272 1888 ΒΗ
293 1861 311 1890 3
329 1864 387 1890 und
403 1862 422 1891 4
440 1866 597 1899 prosaisch.
618 1880 653 1884 —
672 1868 712 1894 In
729 1868 837 1895 Laud.
858 1869 949 1905 Super
967 1871 1015 1898 Ps.
1030 1872 1048 1897 Α
1068 1874 1225 1907 prosaisch.
1246 1889 1283 1893 —
1301 1875 1370 1903 Per
1389 1878 1508 1905 Horas

227 1900 263 1926 ad
281 1900 407 1927 Tertiam
427 1899 462 1927 Ατ
489 1902 563 1936 Ave,
589 1912 701 1939 gemma
720 1905 860 1933 claritatis
881 1911 932 1934 etc.
959 1922 996 1926 —
1021 1909 1067 1936 Ad
1085 1909 1203 1937 Sextam
1222 1909 1259 1938 Α;
1288 1912 1377 1949 Virgo
1401 1915 1510 1943 Christi

227 1937 375 1964 anhelavit
394 1940 444 1966 ete.
468 1954 500 1957 —
521 1940 566 1967 Ad
584 1941 697 1968 Nonam
717 1940 753 1968 A:
773 1943 901 1971 Prudens
922 1947 952 1972 et
968 1947 1094 1981 vigilans
1116 1948 1196 1983 virgo
1218 1951 1270 1976 etc.

646 2038 690 2069 73.
719 2040 761 2071 De
780 2043 885 2072 sancta
903 2043 1086 2075 Katharina.

356 2103 400 2133 In
426 2104 456 2135 1.
484 2104 695 2144 Vesperis.

412 2156 503 2192 Super
522 2158 659 2186 Psalmos.

228 2204 267 2234 A.
297 2204 375 2242 Ave,
402 2204 487 2243 virgo
510 2206 660 2248 speciosa,

344 2249 457 2280 clarior
481 2250 644 2294 sideribus,

297 2294 390 2326 Cuius
414 2296 533 2326 vultum
557 2305 594 2327 ac
618 2298 760 2331 decorem

343 2342 520 2382 concupivit
543 2342 702 2386 Dominus,

961 2112 1073 2143 Funde
1095 2122 1204 2152 preces
1230 2117 1364 2148 creatori

1007 2167 1064 2197 pro
1086 2159 1148 2191 tuis
1174 2162 1378 2200 supplicibus.

1077 2248 1121 2275 Aa
1140 2249 1316 2285 Magnificat.

892 2303 932 2336 A.
962 2303 1041 2341 Ave,
1067 2312 1187 2343 gemma
1210 2308 1362 2342 claritatis

1011 2350 1051 2381 ad
1075 2350 1173 2383 instar
1199 2355 1388 2401 carbunculi,
