1650 2542
695 135 944 169 -179—

307 222 352 253 In
379 224 409 254 2.
436 224 494 255 No
508 228 625 257 cturu
637 236 664 259 0.

389 295 580 331 Antiphonae.

192 359 221 391 1.
250 360 330 391 Vere
354 361 554 401 singulariter

295 407 369 445 Ipse
394 410 592 449 construitur,

246 452 304 485 Cui
330 454 533 494 coniugaliter

293 499 389 539 Virgo
413 501 480 532 viro
505 503 650 535 traditur.

190 554 221 585 2.
248 553 327 593 Regi
351 563 436 594 vero,
462 556 528 588 Deo
553 567 620 598 suo,

290 600 385 632 Mane
409 602 522 641 Ioseph
548 605 658 645 astitit,

245 647 325 678 Dum
350 648 491 680 alumnus
517 653 588 682 nato
612 654 675 692 tuo,

291 693 387 733 Virgo
412 697 522 735 mater,
548 698 677 731 exstitit.

187 749 218 780 3.
246 749 367 780 Nomen
390 750 576 783 admirabile

290 795 404 834 Ioseph
429 799 647 839 promulgavit,

244 841 334 879 Quod
358 843 445 880 prius
471 845 605 876 amabile

290 887 418 919 Gabriel
440 891 571 922 vocavit.

375 971 578 1005 Responsoria.

185 1035 214 1067 1.
240 1035 303 1066 Hic
327 1039 383 1076 est,
411 1038 460 1068 0111
484 1039 593 1077 nupsit
617 1040 713 1083 virgo,

289 1082 374 1120 Quae
384 1084 493 1115 mundi
506 1083 629 1116 fabrum
647 1087 781 1127 peperit,

239 1128 389 1167 Princeps
414 1130 519 1169 saecli,
544 1131 629 1162 Deus
654 1132 744 1164 homo

283 1174 320 1205 In
350 1184 409 1214 quo
433 1176 535 1207 locum
558 1178 686 1217 reperit,

168 1220 205 1251 V.
236 1219 349 1252 Omnis
388 1221 479 1253 homo
511 1223 690 1263 quicunque
722 1234 778 1256 au-

237 1266 339 1308 dierit,
370 1269 577 1308 conyaudebit
601 1270 638 1303 ei.

179 1323 211 1354 2.
237 1322 331 1353 Iacob
357 1325 440 1354 amat
463 1324 519 1355 ille
539 1324 637 1364 Liam,

239 1368 352 1407 Ioseph
379 1369 480 1409 diligit
504 1370 636 1402 Mariam

234 1414 295 1445 Dei
318 1414 384 1446 filio
410 1414 585 1456 fecundam,

234 1460 295 1491 Sed
322 1461 361 1492 ab
386 1462 469 1492 omni
493 1465 578 1494 tactu
603 1466 767 1504 mundam,

164 1507 199 1540 V.
228 1507 327 1538 Hanc
351 1508 474 1539 amavit
491 1511 520 1540 et
536 1510 702 1549 exquisivit
716 1512 778 1543 sibi

229 1562 390 1592 sponsam.

173 1610 203 1641 3.
231 1609 352 1640 Primus
377 1610 491 1649 Ioseph
516 1612 636 1644 alienae

278 1656 384 1695 Turpe
410 1660 552 1696 stuprum
578 1660 690 1699 renuit,

226 1702 287 1733 Hic
311 1711 379 1734 cum
404 1712 460 1735 sua
483 1702 590 1736 florem
616 1706 728 1745 plenae

275 1749 437 1781 Castitatis
462 1752 571 1791 tenuit,

229 1796 289 1826 llle
313 1798 387 1827 tunc
410 1797 588 1836 Aegyptum
609 1800 707 1839 pavit,

273 1841 370 1873 Fame
396 1843 468 1874 dum
493 1844 645 1884 occubuit,

224 1888 346 1920 Mundo
371 1898 501 1929 granum
526 1890 578 1921 hic
600 1893 746 1933 servavit,

271 1935 359 1974 Quod
388 1935 476 1974 virgo
501 1938 676 1976 progenuit.

155 1982 191 2013 V.
220 1981 393 2014 Descendit
403 1982 520 2022 Ioseph
530 1983 568 2014 in
579 1982 767 2028 Aeqyptum,

223 2028 347 2068 fuitque
371 2029 534 2061 Dominus
561 2040 634 2062 eum
656 2031 720 2064 illo.

286 2150 332 2182 In
359 2152 387 2183 3.
413 2150 638 2186 Nocturno,

359 2233 552 2269 Antiphonae.

163 2300 193 2332 1.
219 2300 256 2331 In
282 2299 481 2332 immaculata
505 2302 557 2333 via

267 2346 408 2378 Psallens
428 2347 593 2389 intellexit,

921 230 979 268 Qui
1003 234 1178 262 nascentem
1206 233 1245 264 de
1268 233 1372 264 Maria

966 277 1080 316 Regem
1105 286 1211 317 regum
1235 279 1327 311 rexit.

862 352 892 382 2.
915 350 1032 391 Magna
1054 352 1144 383 huius
1168 353 1268 392 gloria

962 397 1022 428 Est
1044 398 1075 429 in
1100 399 1229 429 salutari

917 444 1066 483 Omnique
1089 445 1238 476 memoria

961 489 1064 529 Digna
1089 491 1250 524 celebrari.

859 565 888 595 3.
915 563 1066 595 Innocens
1090 565 1142 595 hic
1166 566 1306 597 manibus

962 610 1016 641 Vir
1041 614 1073 641 et
1095 612 1210 642 mundo
1237 612 1330 643 corde

915 655 1061 687 Sanctum
1086 657 1166 688 celat
1190 658 1315 689 canibus

962 703 1086 734 Partum
1112 704 1179 734 sine
1203 705 1306 737 sorde.

1047 804 1176 838 Respons
1182 806 1249 832 oria.

858 868 887 899 1.
913 869 975 899 Hic
997 869 1030 899 in
1055 869 1132 901 rubo
1156 870 1255 901 Deum
1281 871 1389 909 cernit,

959 916 1055 953 Quem
1078 924 1141 946 non
1164 916 1254 947 laesit
1278 917 1368 956 ignis,

909 960 991 991 Dum
1017 961 1220 992 discalceatus
1245 963 1357 993 sternit

957 1006 1087 1037 Carnem
1113 1008 1160 1038 vir
1183 1009 1321 1050 insignis,

909 1052 1002 1091 Virgo
1027 1061 1155 1084 servans
1181 1054 1331 1093 virginem

906 1098 1005 1129 Deum
1031 1099 1118 1130 videt
1142 1100 1294 1131 hominem

951 1144 995 1175 Et
1017 1145 1150 1176 Mariam
1172 1146 1240 1177 sine
1267 1147 1331 1178 viro

953 1190 1128 1222 Parientem
1152 1193 1244 1224 modo
1265 1194 1354 1226 miro.

837 1236 873 1268 V.
907 1236 1010 1278 Vidit,
1037 1238 1122 1276 quod
1145 1239 1268 1271 arderet
1298 1241 1395 1271 rubus
1421 1243 1450 1271 et

904 1292 971 1314 ‘non
997 1284 1236 1316 combureretur.

848 1358 878 1387 2.
902 1357 1004 1388 Adest
1032 1359 1138 1389 Aaron
1163 1360 1328 1391 secundus.

903 1403 995 1435 Cuius
1021 1403 1124 1435 frutex
1149 1404 1185 1436 fit
1208 1404 1360 1438 fecundus

902 1450 993 1481 Prius
1018 1459 1119 1490 arens,
1148 1452 1220 1483 dum
1246 1451 1281 1483 fit
1304 1463 1416 1492 parcns

901 1496 999 1535 Virgo
1025 1497 1092 1528 viro
1116 1506 1234 1531 carens,

834 1541 869 1573 V.
899 1541 1052 1574 Ascendit
1080 1544 1161 1575 sieut
1183 1545 1311 1585 viryula
1336 1556 1445 1578 coram

898 1597 932 1620 eo
958 1591 986 1620 et
1009 1590 1090 1621 sieut
1110 1591 1207 1623 radix
1231 1592 1268 1623 de
1292 1595 1377 1624 terra
1400 1594 1442 1625 si-

900 1635 999 1669 11011151,

846 1701 875 1732 3.
902 1700 1024 1732 Saliunt
1048 1701 1080 1732 in
1105 1702 1260 1734 montibus

945 1748 1057 1787 Ioseph
1083 1751 1115 1779 et
1137 1748 1242 1780 Maria

900 1793 1026 1833 Nuptiis
1051 1795 1234 1835 insontibus,

944 1840 1037 1880 Regit
1060 1845 1128 1872 arte
1151 1843 1206 1882 pia

900 1886 975 1917 Sese
1000 1887 1099 1918 dulcis
1123 1889 1223 1928 pusio,

897 1933 994 1971 Quam
1019 1934 1122 1965 suavis
1146 1935 1256 1967 allusio

898 1979 993 2011 Cordi
1014 1979 1128 2019 Ioseph
1153 1980 1214 2012 fuit
1236 1982 1301 2022 illa,

896 2025 1031 2059 Verbum
1057 2035 1127 2059 caro
1154 2028 1226 2059 dum
1250 2030 1366 2068 pusilla

895 2071 988 2103 Nunc
1012 2074 1053 2105 ad
1078 2083 1146 2105 eum
1171 2075 1377 2115 vice-patrem

894 2117 987 2150 Nunc
1018 2121 1058 2152 ad
1083 2124 1223 2153 sanctam
1247 2124 1347 2163 repsit
1372 2134 1437 2156 ma-

1212 2172 1291 2200 trem

893 2211 953 2242 Per
980 2213 1135 2253 virgineas
1160 2217 1297 2247 cervices

893 2257 1005 2290 Gratas
1031 2261 1215 2294 alternando
1240 2263 1333 2296 vices.

822 2304 857 2337 V.
891 2303 953 2336 O'or
977 2309 1005 2338 et
1030 2316 1102 2340 caro
1120 2308 1187 2340 eius
1204 2310 1435 2343 exsultaverim(

892 2351 930 2383 in
949 2352 1057 2385 Deum
1076 2355 1192 2388 vivum.

1216 2409 1267 2438 12*
