1650 2542
300 247 387 278 Siout
409 249 476 279 sitit
500 257 608 280 cervus
633 249 731 281 fessus

345 294 397 324 Ad
422 303 519 333 aquae
542 294 678 333 fluvium,

344 339 442 370 Deum
469 340 585 372 habens
610 341 781 382 refugium3

227 385 263 417 V.
293 385 343 416 Ex
368 386 465 417 odore
487 390 686 427 praegustato

294 430 392 462 Cursu
417 433 516 462 currit
538 433 616 463 haec
639 433 739 465 beato.

353 513 397 544 In
424 515 454 546 3.
480 514 704 548 Nocturno.

432 566 622 603 Antiphonae.

239 614 269 645 1.
296 613 425 644 Cantate
447 614 514 646 Deo
538 616 679 659 gloriam,

335 660 458 690 laudem
483 664 514 691 et
537 661 696 704 honorem,

289 704 347 742 Qui
370 705 443 736 huic
466 716 573 738 sacrae
597 708 710 747 virgini

330 752 488 790 praestitit
513 754 665 794 decorem,

286 797 425 829 Mercedi
449 800 635 838 sanguineae

333 844 498 876 cumulavit
523 844 638 880 florem.

229 898 248 927 2
285 897 435 930 Dominus
459 899 539 930 hanc
563 902 712 941 virginem

329 943 361 974 in
387 945 471 975 caelo
496 946 683 991 sublimavit,

284 989 399 1021 Nostra
422 993 507 1022 teria
529 993 648 1034 iubilet,

328 1035 447 1067 hostem
472 1039 544 1076 quia
568 1042 696 1081 stravit3

284 1080 352 1112 Lux
376 1085 557 1124 excaecatis,

328 1136 383 1158 nos
407 1129 535 1168 iungito
563 1132 660 1171 virgo,
687 1134 796 1167 beatis.

225 1182 256 1213 3.
283 1181 413 1213 Cantate
438 1193 505 1215 cum
530 1186 651 1218 laetitia

326 1228 525 1268 Margaretae
547 1232 667 1265 laudes.

278 1273 368 1304 Fecit
388 1276 544 1308 mirabilia

325 1320 451 1352 Erroris
475 1324 595 1361 pellens
621 1325 765 1368 fraudes3

282 1365 409 1397 Psallite
433 1377 499 1400 cum
526 1371 654 1413 cantico,

278 1410 358 1442 Nam
382 1415 506 1445 scandit
530 1416 607 1447 haec
624 1427 692 1450 cum
709 1421 814 1456 iubilo.

410 1469 611 1503 Responsoria.

221 1511 248 1544 1.
274 1513 309 1543 In
337 1515 472 1545 candore
495 1517 650 1555 puritatis,

274 1559 309 1589 In
334 1569 438 1591 amore
458 1566 663 1606 paupertatis,

270 1605 306 1635 In
332 1615 436 1637 amore
461 1609 608 1652 caritatis,

271 1650 307 1681 In
331 1653 499 1690 splendore
523 1637 663 1689 verit'atis

273 1696 432 1729 Extendor
457 1700 488 1730 in
514 1702 628 1742 eculeo,

272 1741 387 1774 Cru01e
410 1745 493 1776 laeta
517 1756 623 1789 roseo;

199 1787 236 1818 V.
267 1788 352 1819 Talis
378 1792 563 1825 excruciatio

267 1834 399 1866 Animae
424 1839 470 1867 est
492 1839 633 1873 salvatio.

210 1889 240 1919 2.
267 1890 291 1921 O
317 1890 465 1923 virtutum
488 1894 633 1935 nutricia,

268 1935 338 1967 Non
363 1935 447 1968 fastu
469 1940 577 1971 mundi
601 1943 702 1983 avida,

265 1981 335 2012 Non
359 1984 530 2021 genitorum
554 1987 663 2028 gloria,

265 2027 424 2067 Crucifigit
448 2030 532 2071 vitia,

264 2072 343 2103 Dum
371 2076 471 2106 carnis
496 2076 576 2117 fugit
600 2081 720 2123 dulcia;

197 2117 232 2149 V.
260 2119 290 2148 A
316 2120 419 2150 calore
444 2123 581 2155 caritatis

306 2165 450 2197 Ardebat
473 2168 612 2210 interius,

260 2211 289 2241 A
316 2212 450 2243 candore
471 2216 622 2248 castitatis

307 2257 444 2290 Lucebat
469 2262 614 2293 exterius.

203 2313 231 2343 3.
260 2312 349 2344 Oliva
372 2322 521 2353 generosa

303 2359 385 2391 Lilio
410 2360 543 2402 suffulta,

832 159 900 193 280
948 181 991 185 -—

962 253 1088 285 Rubens
1113 262 1186 287 rosa
1209 266 1268 288 non
1296 265 1422 288 corrosa

1009 301 1152 333 Moribus
1177 303 1310 340 exculta,

960 347 1055 385 Apud
1070 356 1216 386 sponsum
1231 349 1388 381 Christum
1401 358 1505 389 regem

962 391 1190 425 Recommenda
1206 398 1345 426 nostrum
1361 404 1503 435 gregem;

920 462 927 469 .
958 437 1057 470 Tuum
1079 440 1279 480 privilegium

1005 485 1069 516 Ora
1091 494 1147 516 nos
1172 488 1298 526 sentire,

956 529 1035 561 Esto
1058 531 1120 562 reis
1143 531 1306 574 refugium,

1002 577 1159 609 Levamen
1184 579 1356 618 impertire.

1041 698 1058 728 I
1067 707 1087 728 n
1112 697 1139 728 L
1151 707 1197 729 au
1208 699 1226 730 d
1235 699 1247 729 i
1257 699 1275 729 b
1285 709 1304 730 u
1314 709 1339 732 5.

1090 770 1284 806 Antiphonae.

919 849 926 855 .
952 825 1037 856 Deus
1061 827 1273 867 Margaretam

995 872 1098 903 induit
1123 874 1244 917 decore,

951 917 1043 949 Cuius
1068 928 1151 950 nunc
1174 924 1285 959 parata

996 968 1044 995 est
1067 966 1157 997 sedes
1181 967 1213 998 111
1239 968 1365 1001 honore.

914 1042 921 1049 .
949 1019 1122 1052 Coronatur
1145 1023 1268 1062 merito,

995 1065 1079 1103 Quae
1103 1068 1150 1098 sic
1174 1069 1388 1111 triumphavit,

947 1112 1043 1150 Quam
1069 1114 1155 1145 nulla
1179 1116 1225 1145 rei
1250 1116 1378 1149 ambitio

993 1158 1123 1190 Prorsus
1148 1163 1316 1200 superavit.

911 1233 918 1240 .
946 1212 993 1243 Tu
1021 1222 1093 1245 rosa
1113 1216 1292 1255 patientiae,

990 1259 1079 1290 Ebur
1104 1262 1265 1305 castitatis,

943 1304 1034 1344 Aqua
1059 1308 1241 1348 sapientiae,

989 1351 1101 1383 Lilium
1127 1355 1283 1394 puritatis,

942 1396 989 1427 Tu
1012 1398 1095 1429 viola
1116 1400 1298 1441 humillima,

989 1444 1085 1484 Iunge
1109 1455 1165 1477 nos
1190 1447 1300 1480 beatis.

906 1521 912 1528 .
939 1498 1143 1540 Benedixisti‚
1169 1502 1311 1543 Domine,

984 1545 1075 1577 istam
1102 1551 1286 1589 creaturam,

936 1590 1087 1624 Devotam
1115 1594 1174 1625 tibi
1198 1595 1345 1628 famulam

983 1646 1106 1677 semper
1130 1643 1325 1681 servituram,

937 1682 998 1714 Pro
1023 1689 1151 1717 aeterna
1175 1688 1276 1727 gloria

983 1729 1081 1770 legem
1107 1736 1215 1765 tenens
1242 1735 1360 1768 duram.

902 1808 909 1815 .
935 1784 1001 1815 Ista
1024 1788 1091 1826 regi
1115 1789 1234 1828 gloriae

982 1832 1063 1864 Gara
1087 1838 1257 1876 margarita

936 1877 1066 1910 Inventa
1091 1885 1138 1912 est
1161 1883 1255 1914 hodie

979 1923 1116 1965 Longius
1142 1930 1291 1967 quaesita.

1046 1992 1092 2026 A‘d
1111 2001 1292 2029 Benedictus.

891 2075 897 2081 .
926 2051 1116 2086 Benedictus
1140 2056 1292 2089 Dominus

932 2099 969 2129 In
994 2100 1057 2131 suis
1084 2101 1172 2133 donis
1199 2105 1351 2145 omnibus,

929 2144 1018 2181 Quod
1043 2147 1104 2178 ista
1128 2149 1210 2187 regis
1233 2149 1299 2181 filia

927 2190 1040 2222 Mundi
1066 2196 1311 2233 contemptibilia

975 2236 1051 2268 Cum
1076 2239 1159 2270 vitiis
1186 2242 1337 2285 despexit,

926 2282 1079 2314 Virtutum
1104 2285 1213 2318 laudes
1239 2289 1331 2322 hodie

925 2327 961 2358 In
986 2330 1124 2362 turribus
1149 2334 1299 2368 ecclesiae

970 2374 1112 2408 Viriliter
1136 2380 1247 2423 erexit,
