1650 2542
134 265 149 295 1

132 469 151 499 2

645 95 872 130 -81-

376 188 475 215 Prosa-

157 289 163 296 .
190 263 279 294 Haec
304 263 383 294 caeli
407 262 542 295 feliciter

236 309 363 348 Adepta
385 310 487 349 gratia

190 355 292 388 Fideli
319 354 458 386 fideliter

233 401 346 433 Mundi
372 400 499 432 fallacia

156 492 163 499 .
190 467 292 499 Corde
316 467 429 506 renuit,
455 467 543 506 regia

187 513 292 545 Mater
316 513 394 544 haec
417 513 542 552 egregia

190 560 306 591 Sordes
331 560 425 591 saecli
450 558 645 600 fluctibundi‚

188 606 261 638 Non
284 606 454 637 constantis
479 606 535 637 sed
559 605 721 637 immundi.

156 695 164 704 .
190 670 290 702 Huius
314 672 455 710 genetrix

235 717 296 749 Est
320 717 497 757 Germania,

188 763 267 795 Eius
292 764 400 796 alitrix

236 810 297 841 Est
318 810 457 842 Polonia.

158 900 165 908 .
191 875 361 914 Hedwigis‚

237 921 315 952 haec
339 923 447 952 sancta
472 921 575 959 vidua,

188 967 254 998 Nos
278 975 373 1006 prece

236 1014 319 1044 locet
340 1013 477 1045 assidua.

158 1103 166 1110 .
191 1078 259 1110 Sibi
289 1078 419 1109 devotos

236 1125 267 1154 in
295 1124 373 1155 caeli
397 1123 511 1163 patria,

190 1170 254 1203 Ubi
282 1169 401 1201 residet

238 1218 391 1256 perpetua
417 1224 484 1246 cum
509 1214 638 1246 laetitia.

256 1366 301 1397 In
328 1365 359 1396 2.
386 1364 608 1396 Nocturno.

332 1463 526 1499 ‘Antiphonem

159 1566 166 1573 .
192 1540 282 1571 Nivis
308 1540 339 1570 in
364 1538 522 1578 algoribus

194 1586 347 1617 Incedens
372 1585 464 1616 nudis
489 1584 646 1624 gressibus

243 1632 400 1664 Christum
424 1631 626 1671 insequendo,

193 1678 343 1718 Leprosis
369 1680 401 1709 et
425 1677 579 1709 debilibus

241 1725 465 1763 Eleemosynas
490 1723 667 1757 tribuendo,

160 1815 166 1822 .
192 1791 316 1823 Mutato
344 1790 448 1821 vultus
474 1789 570 1828 pallio

242 1838 321 1868 clam
346 1844 487 1867 carceres
512 1835 660 1867 visitabat

193 1885 238 1916 Et
261 1883 324 1915 reis
350 1882 450 1914 cibum

242 1939 309 1961 cum
336 1932 412 1969 potu
437 1927 636 1959 ministrabat

195 1978 239 2010 Et
268 1977 431 2008 damnatos
456 1974 580 2013 saepius

241 2022 410 2063 suspendio
433 2021 599 2054 liberabat.

196 2089 356 2121 Gircuibat
379 2087 490 2119 sedula

239 2136 342 2168 Cellas
364 2134 569 2175 dominarum,

195 2183 240 2216 Ut
264 2182 388 2213 videret
411 2181 533 2213 aemula

243 2228 365 2260 Statum
390 2228 578 2267 singularum

195 2276 239 2308 Et
263 2276 396 2307 serviret
419 2275 549 2306 vernula

243 2321 408 2362 Questibus
434 2330 549 2353 earum.

182 2383 309 2408 Dreves,
329 2379 450 2403 Historiae
462 2378 612 2406 rhythmicae.
642 2378 679 2400 Vl.

994 188 1195 222 Responsoria.

801 255 831 287 1.
857 255 942 293 Quae
967 254 1039 285 dum
1063 255 1169 283 oraret
1192 251 1299 283 sedulo

857 301 975 332 Lumen
1000 300 1034 330 in
1059 298 1235 329 habitaculo

905 347 1006 384 Super
1032 354 1099 376 eam
1125 344 1325 382 diffunditur3

858 393 942 424 Hinc
965 392 1086 423 Mariae
1108 390 1324 430 Magdalenae,

859 439 1066 478 Margaretae,
1093 437 1287 468 Katharinae

906 486 993 523 Visa·
1019 492 1161 515 sermone
1185 482 1317 519 fruitur3

791 532 828 563 V.
858 531 916 569 En,
940 531 1093 570 inquiunt,
1119 532 1190 569 post
1214 529 1315 560 obitus

859 578 936 608 Dies
962 577 1104 608 caelestis
1129 576 1232 606 aditus

905 624 977 655 Tibi
1000 623 1161 654 nobiscum
1185 621 1342 661 panditur.

803 681 833 711 2.
860 680 884 711 O
910 679 982 710 vitis
1008 678 1105 718 Cypri
1127 677 1239 709 nobilis

905 725 1050 757 Ferendo
1076 725 1182 756 botros
1205 723 1328 761 uberes,

860 771 1029 810 Hedwigis,
1056 773 1154 802 mater
1174 769 1308 807 humilis,

908 818 963 849 Pie
986 817 1142 856 pascendo
1167 823 1330 855 pauperes,

861 864 928 895 Tua
953 864 1051 894 virtus
1075 862 1243 894 laudabilis

907 909 972 941 Nos
991 909 1114 942 Christo
1140 908 1253 939 reddat
1270 907 1402 946 habiles,

795 957 829 989 V.
858 956 903 988 Ut
931 955 1048 994 expiati
1072 954 1217 986 sordibus

860 1003 1060 1033 Adornemur
1083 999 1262 1040 virtutibus

860 1048 921 1079 Per
948 1050 981 1078 te
1005 1047 1083 1078 caeli

906 1094 1069 1133 iungamur
1092 1091 1243 1132 patribus.

805 1152 836 1183 3.
862 1150 1000 1189 Aegypti
1023 1149 1107 1180 nuda
1128 1147 1235 1187 panio,

861 1197 979 1229 Ornata
1003 1195 1088 1226 cultu
1112 1194 1207 1233 regio,

908 1242 992 1273 Filia
1015 1241 1187 1273 Pharaonis

861 1288 925 1320 Per
949 1296 1108 1318 ascensum
1133 1293 1325 1325 purpureum

861 1334 914 1366 Ad
937 1334 1081 1364 thronum
1106 1333 1189 1372 regis
1215 1339 1341 1362 aureum

904 1380 1054 1412 Pervenit
1082 1378 1263 1413 Salomonis,

792 1427 831 1458 V.
861 1427 1021 1465 Hedwigis
1046 1426 1174 1457 tradens
1199 1423 1344 1463 spiritum

862 1473 1001 1504 Felicem
1025 1480 1119 1511 agens
1145 1471 1261 1502 exitum

910 1519 958 1550 De
981 1521 1067 1550 terra
1091 1518 1271 1557 Babylonis

929 1640 975 1671 In
998 1640 1026 1671 3,
1054 1638 1279 1669 Nocturno.

1004 1720 1196 1755 Antiphonae.

810 1788 839 1821 1.
865 1787 966 1819 Dictis
993 1786 1180 1826 evangelicis

912 1843 1018 1866 aurem
1043 1832 1247 1872 impendebat

865 1880 918 1920 Et,
944 1883 1094 1920 quotquot
1120 1880 1183 1911 diei
1206 1881 1361 1918 poterant,

912 1927 1023 1958 missas
1047 1926 1203 1959 audiebat.

809 1984 841 2015 2.
868 1983 943 2015 Cum
968 1991 1002 2013 se
1025 1982 1121 2014 iudex
1144 1984 1274 2022 poneret

914 2037 1022 2060 causas
1046 2029 1226 2067 iudicandO,

864 2077 952 2108 Haec
977 2076 1088 2107 adesse
1112 2076 1209 2107 voluit

911 2121 1038 2154 fraudes
1062 2123 1262 2162 removendo,

865 2169 1005 2209 Pupillos
1035 2171 1065 2200 et
1091 2169 1200 2201 viduas

912 2216 963 2255 pie
989 2214 1198 2248 defendendo.

808 2274 839 2305 3.
866 2271 1025 2312 Hedwigis
1050 2274 1168 2312 sancta,
1194 2272 1313 2304 inclita.

912 2328 968 2350 nos
999 2328 1105 2351 serves
1130 2329 1149 2351 a
1172 2328 1263 2351 ruma

1229 2375 1246 2401 ὅ
