1650 2542
750 148 1000 183 ,144-

242 249 280 280 V.
309 248 345 279 In
373 248 458 279 cuius
482 249 692 287 argumentum

310 294 422 325 Manus
449 293 564 325 Christi
587 294 674 331 patet
696 290 748 320 isti

310 339 439 378 Signans
464 340 698 370 sacramentum.

365 412 412 443 In
437 414 468 445 3.
491 412 518 443 N
530 413 711 442 octurno.

447 473 637 508 Antiphonae.

279 554 286 561 .
311 532 348 562 In
372 530 504 561 Domino
528 528 657 560 firmiter

355 576 489 607 Iudocus
516 573 651 610 confidit,

308 622 385 660 Quia
408 620 596 651 sensibiliter

353 667 482 698 Manum
506 665 567 698 Dei
592 665 681 697 vidit.

278 747 286 754 .
310 722 452 761 Domine,
478 723 545 760 quis
569 721 683 759 regiam

353 767 484 799 Habitat
504 764 694 805 supernam?

308 814 451 853 Iudocus,
477 814 528 852 qui
553 813 683 852 gloria-m

358 859 552 900 Contempsit
574 862 745 897 paternam.

276 939 283 946 .
309 915 450 953 Domine,
475 922 557 945 nunc
580 922 723 945 muneras

352 962 492 992 Aeterna
514 961 623 998 salute,

307 1007 402 1045 Quom
424 1007 510 1046 prius
532 1014 708 1038 armaveras

354 1054 390 1085 In
416 1056 469 1084 tua
493 1053 616 1084 virtute.

440 1126 641 1160 Responsoria.

277 1204 284 1212 .
310 1180 372 1211 Hic
397 1182 522 1213 decorat
547 1184 578 1212 et
603 1181 742 1213 dulcorat

357 1227 534 1259 Comitalem
561 1236 687 1266 curiam,

313 1273 353 1304 Se
375 1275 516 1313 minorat,
544 1275 599 1305 sed
623 1274 755 1304 honorat

354 1320 494 1352 Totalem
520 1319 679 1360 familiam,

312 1366 436 1397 Cunctis
462 1369 530 1397 orat
554 1366 684 1402 veniam,

309 1412 435 1444 Cunctis
460 1412 663 1443 redolentiam

355 1459 511 1490 Virtutum
535 1461 674 1497 vaporat.

269 1528 277 1535 .
307 1504 431 1536 Gaudet
456 1505 562 1536 domus
588 1505 718 1543 comitis,

310 1551 403 1582 Felix
429 1552 524 1590 locus,
551 1560 641 1590 quem
666 1551 799 1583 ludocus

310 1596 380 1628 Suis
404 1600 493 1629 ornat
516 1598 645 1629 meritis.

276 1676 284 1683 .
308 1652 372 1683 1ste
396 1651 517 1692 fulgens
540 1652 678 1684 moribus

308 1698 437 1728 Terram
462 1701 553 1730 ornat
574 1697 701 1729 fioribus

356 1743 442 1774 Sicut
464 1745 520 1775 lux
543 1744 664 1782 solaris,

309 1790 369 1820 Per
393 1793 552 1828 aspectum
574 1790 744 1821 virtuosum

307 1835 399 1866 Mare
418 1835 554 1867 reddens
573 1834 755 1866 fluctuosum

355 1881 441 1912 Sicut
463 1882 517 1912 lux
541 1882 668 1914 lunaris,

270 1951 277 1957 .
307 1927 344 1958 In
368 1928 426 1959 hac
450 1928 501 1959 via
524 1936 618 1967 prece
641 1927 695 1966 pia

312 1973 388 2013 Nos,
413 1976 513 2012 pater,
538 1974 665 2005 irradia.

276 2051 284 2059 .
311 2029 347 2059 In
373 2029 504 2059 desertis
528 2028 643 2058 militat,

358 2074 516 2105 Virtutum
541 2076 680 2112 venator,

311 2119 374 2151 Sed
397 2120 429 2149 in
456 2119 550 2151 caelis
574 2119 696 2151 habitat

356 2165 417 2196 Dei
442 2166 674 2207 contemplator,

313 2212 396 2250 Quae
418 2211 480 2242 Dei
503 2214 583 2250 sunt,
610 2212 734 2252 cogitat,

314 2258 398 2295 Quae
422 2266 542 2288 sursum
565 2260 646 2296 sunt,
672 2258 788 2297 visitat,

312 2304 420 2335 Donec
442 2312 570 2342 regnum
595 2304 724 2342 captitat

360 2349 451 2381 Felix
474 2349 688 2388 triumphator.

903 240 942 271 V.

903 1587 942 1619 A.

973 238 1093 269 Bonum
1119 237 1275 266 certamen
1301 229 1442 268 certavit,

971 283 1081 316 Fidem
1108 282 1210 313 vivam
1236 275 1442 312 conservavit,

973 330 1102 362 Cursum
1128 323 1360 358 consummavit.

1060 421 1075 452 Ι
1085 430 1104 451 n
1130 419 1156 451 L
1165 427 1212 449 au
1223 418 1262 448 di
1272 416 1291 447 b
1300 423 1355 446 us.

1111 481 1303 515 Antiphonae.

972 541 1122 573 Dominus
1146 540 1232 570 recte
1256 534 1408 575 regnavit,

973 587 1028 619 Cui
1052 587 1187 618 Iudocus
1212 581 1372 621 militavit,

971 633 1052 664 Nam
1075 632 1160 663 illius
1183 629 1285 670 gratia

972 680 1037 710 Iste
1061 678 1138 710 vicit
1161 676 1248 708 vitia.

939 759 946 765 .
972 733 1118 774 Iubilate‚
1144 732 1255 773 sancti,
1281 730 1348 761 Deo

973 780 1033 811 Pro
1060 779 1169 811 Iudoci
1192 777 1350 810 mausoleo

969 827 1119 858 Revelato
1141 825 1282 865 parvulis

972 873 1044 904 Non
1069 872 1136 903 sine
1159 870 1328 903 miraculiS.

939 952 947 960 .
972 928 1067 967 Deus,
1092 928 1153 958 iste
1177 926 1319 966 vigilavit

972 975 1016 1006 Et
1040 974 1148 1013 vigiles
1173 972 1331 1011 excitavit,

973 1021 1103 1059 Quando
1128 1019 1327 1051 luminarium

973 1067 1127 1098 Accendit
1153 1066 1320 1097 senarium.

973 1122 1156 1154 Benedicite
1179 1121 1329 1153 ludocum

974 1170 1221 1208 Frequentantes
1243 1168 1308 1198 eius
1332 1167 1445 1204 locum,

974 1215 1057 1246 Nam
1081 1223 1247 1254 oppressos
1271 1213 1395 1251 liberat,

972 1264 1055 1300 Quos
1078 1261 1175 1292 hostis
1201 1261 1410 1299 oppresserat.

941 1341 948 1348 .
973 1316 1116 1348 Laudato
1140 1316 1240 1347 Deum
1268 1315 1307 1346 de
1332 1314 1437 1355 caelis,

973 1363 1123 1401 Quoniam
1144 1370 1252 1393 servus
1273 1360 1376 1393 fidelis

974 1409 1146 1449 Duplicans
1171 1408 1346 1447 quinarium

974 1456 1113 1488 Intravit
1135 1455 1168 1485 in
1193 1454 1351 1494 gaudium.

1087 1528 1131 1555 Ad
1150 1528 1332 1555 Benedictus.

974 1586 1165 1619 Benedictus
1188 1585 1350 1626 Dominus,

978 1633 1137 1663 Viatorum
1160 1631 1312 1662 terminus

1019 1678 1064 1709 Et
1086 1676 1206 1707 fructus
1230 1677 1385 1716 laborum,

974 1724 1031 1762 Qui
1056 1722 1184 1754 videbat
1208 1722 1337 1761 eminus,

972 1769 1069 1800 Modo
1094 1769 1183 1799 videt
1208 1769 1376 1800 comminus

1021 1814 1084 1846 Hic
1106 1812 1164 1845 flos
1190 1813 1421 1854 confessorum,

1020 1862 1044 1893 O
1069 1869 1126 1892 rex
1150 1860 1340 1901 angelorum,

973 1907 1078 1939 Trahe
1100 1915 1157 1937 nos
1181 1908 1284 1936 tractu
1310 1907 1408 1938 veloci

973 1953 1096 1984 Meritis
1121 1952 1221 1982 sancti
1245 1952 1354 1983 Iudoci

1021 2000 1072 2031 Ad
1097 2007 1192 2037 regna
1215 1998 1369 2036 polorum.

1082 2090 1160 2121 Per
1184 2089 1329 2121 Horas.

1112 2152 1156 2179 Ad
1175 2152 1311 2180 Primam.

905 2211 946 2242 A.
976 2210 1081 2242 Prima
1105 2208 1205 2239 sancti
1229 2209 1314 2240 laus:
1341 2212 1479 2250 regalem

1020 2255 1224 2294 Parvipendit
1249 2256 1398 2297 gloriam3

977 2301 1136 2333 Secunda:
1169 2304 1286 2333 terram
1310 2305 1449 2337 natalem

1022 2347 1065 2379 Et
1090 2347 1246 2378 carnalem
1271 2350 1401 2389 copiam.
