1650 2542
220 209 251 240 3.
278 208 425 242 Germine
449 211 583 245 fecundo

328 257 504 290 Katharina
528 260 630 292 nitens

278 302 362 334 Data
384 305 501 336 mundo

325 351 471 389 antiquae
494 351 573 391 legis

279 394 360 426 Erat
383 397 475 428 unica

324 441 391 474 filia
414 443 505 482 regis.

223 496 253 527 4.
280 496 361 528 Dum
387 500 537 530 creatoris
562 500 677 532 inscius

277 542 345 574 Rex
369 545 443 575 colit
469 546 543 577 cleos
567 546 691 587 impius,

324 589 417 621 Sidus
446 594 482 622 ut
508 593 652 624 eximium

275 634 352 666 Mox
375 635 555 670 Katharina
580 640 701 681 emicat,

276 681 379 713 Unum
404 684 567 716 colendum
591 687 764 727 praedicat,

321 729 456 769 Patrem,
483 740 626 774 pneuma,
652 732 759 767 filium.

218 784 250 815 5.
276 784 375 816 Dedit
398 786 427 817 ei
444 786 595 818 Dominus

322 840 356 862 os
381 835 413 863 et
435 834 631 873 sapientiam,

276 876 332 908 Cui
356 887 417 909 non
440 881 609 917 potuerunt

320 925 476 964 sapientes
500 926 656 965 resistere,

273 969 387 1001 Mundi
409 969 545 1003 fluminis
569 973 702 1012 impetus

319 1016 469 1048 laetificat
491 1018 647 1050 civitatem
672 1019 741 1052 Dei.

213 1072 244 1102 6.
270 1071 498 1111 Quinquaginta
520 1074 676 1114 sapientes

271 1117 456 1157 Congregati
480 1123 553 1151 sunt

266 1164 429 1195 Adversus
455 1174 532 1205 eam,
558 1167 620 1205 ipsi
645 1167 787 1198 videntes

267 1209 470 1241 Prudentiam

265 1255 342 1287 Eius
367 1256 513 1288 admirati
537 1261 610 1289 sunt

263 1301 306 1333 Et
329 1304 473 1334 commoti
492 1308 565 1336 sunt

263 1348 315 1380 Ad
346 1350 578 1388 paenitentiam.

324 1470 370 1502 In
398 1472 428 1503 2.
454 1471 677 1504 Nocturno.

402 1562 593 1598 Antiphonae.

204 1627 234 1660 1.
260 1628 425 1669 Rhetores,
451 1630 501 1669 qui
527 1630 739 1671 reprobabant

258 1675 387 1706 Trinum
412 1676 523 1714 Deum,
557 1677 637 1708 colla
664 1678 781 1710 dabant

303 1721 387 1753 Victi
410 1723 482 1762 iugo
506 1722 591 1763 fidei,

259 1769 325 1800 Iam
352 1769 512 1801 caelorum
537 1771 619 1802 cives
646 1770 732 1811 digni

256 1814 355 1846 Tradi
379 1824 441 1846 non
465 1816 609 1848 timentes
631 1817 696 1857 igni

307 1860 347 1892 Se
371 1870 429 1900 pro
454 1863 579 1894 nomine
601 1863 672 1894 Dei.

199 1918 229 1949 2.
257 1916 359 1948 Nocte
383 1918 570 1957 requirendo

302 1963 428 1995 verbum
458 1965 566 2004 regina
589 1966 698 1997 salutis

256 2010 398 2042 Carceris
424 2011 562 2043 excubiis

299 2058 389 2090 videt
413 2059 513 2090 emica
536 2059 651 2099 gaudia
674 2059 762 2092 lucis.

192 2114 224 2146 3.
251 2114 328 2146 Cum
354 2117 443 2145 coetu
467 2115 607 2154 virgineo

252 2160 434 2192 Adveniens
459 2161 599 2193 salvator

252 2206 391 2245 Sponsus
413 2216 560 2246 sponsam
584 2209 637 2248 pie
662 2209 777 2252 visitat,

248 2252 432 2287 Consolatur
457 2258 486 2286 et
510 2255 655 2287 roborat:

250 2299 403 2331 Constans
426 2304 502 2341 esto,
529 2302 583 2342 ait,
609 2301 685 2344 filia,

249 2346 366 2378 Tecum
392 2356 448 2388 ego
471 2357 550 2390 sum,
575 2350 619 2380 nil
641 2358 769 2389 paveas,

821 124 885 158 211
937 145 982 149 —

892 221 922 252 4.
950 220 1072 260 Mai-tyr
1100 223 1134 252 ut
1157 223 1268 263 oravit,

880 1217 910 1250 1.

993 267 1130 307 gladium
1147 268 1240 308 subit,
1258 270 1386 321 aethera
1402 278 1489 301 scan-

947 358 1085 398 Sponsus
1109 316 1394 401 honorquedldatur,

995 414 1062 436 cum
1089 406 1210 438 Christo
1237 408 1409 439 deliciatur.

914 485 920 492 .
948 460 1084 500 Virginis
1110 470 1148 494 ex
1173 463 1249 502 oleo,

993 508 1075 546 quod
1100 511 1205 539 manat
1227 518 1357 548 corpore
1379 520 1478 549 sacro,

947 553 1041 585 Certa
1064 555 1187 586 medela
1212 556 1312 595 datur,

989 600 1090 631 morbi
1114 609 1210 641 genus
1236 611 1326 633 omne
1350 602 1485 643 fugatur.

914 679 921 686 .
949 654 1042 694 Virgo
1067 656 1204 694 prudens
1228 657 1332 689 media

944 700 1045 732 Nocte
1069 702 1154 733 venit
1177 702 1269 735 obvia

944 746 1074 789 Sponso,
1101 747 1205 780 ferens
1230 750 1340 790 oleum,

945 793 1135 833 Lampadem
1166 804 1203 826 ac
1225 805 1346 827 roseum

944 840 1067 872 Sertum
1091 843 1210 872 textum
1230 842 1315 884 lilio;

941 883 1052 918 Iuncta
1075 887 1165 919 thoro
1190 889 1275 927 regio

940 932 1025 971 Tuis,
1052 933 1139 973 virgo
1164 934 1259 974 regia,

940 978 998 1009 Pia
1020 987 1078 1017 per
1103 979 1250 1019 suffragia

938 1024 1052 1056 Obtine
1078 1025 1247 1057 cultoribus

936 1069 1027 1109 Iungi
1053 1071 1130 1102 caeli
1156 1072 1283 1104 civibuS.

1072 1163 1276 1196 Responsoria.

938 1218 1032 1258 Virgo
1057 1222 1166 1251 sancta
1186 1221 1257 1260 Dei,

982 1265 1168 1304 Katharina,
1194 1267 1295 1298 locum
1318 1268 1445 1307 requiei,

935 1310 1032 1348 Quam
1056 1312 1234 1355 possedisti,

981 1358 1064 1396 quod
1079 1361 1219 1398 praestet
1233 1360 1334 1399 gratia
1352 1360 1478 1401 Christi,

934 1403 1082 1435 Obtineas
1106 1405 1192 1444 genti

979 1452 1010 1480 te
1033 1460 1112 1489 puro
1140 1452 1234 1483 corde
1257 1453 1382 1486 colenti.

930 1496 1021 1536 Quod
1053 1497 1163 1529 oculus
1194 1508 1259 1530 now
1291 1499 1386 1542 vidit,
1419 1510 1478 1533 nec

932 1542 1022 1574 auris
1048 1544 1180 1581 audivit,
1205 1554 1262 1577 nec
1286 1546 1321 1577 in
1345 1556 1398 1579 cor
1417 1547 1471 1579 720-

930 1589 1029 1621 mim‘s
1053 1591 1203 1623 aseendit.

896 1668 904 1676 .
930 1644 1023 1677 Felix
1048 1647 1165 1689 regina,

975 1692 1063 1732 virgo
1088 1694 1228 1732 prudens
1253 1695 1440 1736 Katbarina,

929 1737 1042 1777 Sponsi
1069 1740 1211 1772 caelestis

977 1793 1071 1817 verax
1095 1787 1274 1827 invictaque
1297 1789 1395 1831 testis,

927 1831 1026 1863 Nobis
1050 1833 1188 1873 indignis

973 1879 1119 1919 precibus
1143 1889 1291 1912 succurre
1321 1882 1472 1923 benignis,

925 1924 969 1956 Ut
992 1925 1094 1963 pietas
1119 1927 1246 1966 Christi,

974 1971 1059 2003 cuius
1083 1981 1212 2012 regnum
1237 1976 1389 2018 meruisti,

926 2016 992 2048 Nos
1020 2027 1040 2049 a
1060 2021 1199 2059 peccatis

971 2065 1101 2096 mundet
1124 2067 1292 2107 iungatque
1315 2069 1425 2101 beatis.

891 2145 898 2152 .
925 2119 1045 2160 Sponsa
1071 2122 1188 2155 Christi

969 2176 988 2198 a
1013 2167 1137 2201 Christo
1161 2171 1305 2214 trahitur,

924 2213 1004 2245 Tota
1027 2215 1060 2246 111
1084 2216 1199 2255 spiritu

969 2261 1098 2293 caelitus
1120 2264 1253 2306 rapitur,

921 2306 1107 2340 Trinitatem
1130 2310 1254 2343 intuens

968 2355 1086 2394 angelis
1111 2357 1307 2399 colloquitur,

1243 2411 1299 2440 14*
