1650 2542
820 136 859 140 -
913 118 1044 152 84·-

368 206 489 239 Christo
515 207 659 240 famulari
975 213 1006 243 2.
1031 211 1132 243 Unius
1157 213 1216 244 viri
1241 214 1352 245 relicta

411 253 532 284 Didicit
555 255 587 285 in
612 255 685 288 vita.
1079 257 1224 291 Carnalia
1243 261 1373 299 sprevit,

308 308 338 337 2,
364 306 485 339 Nobilis
510 309 587 340 haec,
610 313 684 341 natu
1033 304 1115 335 Vere
1137 306 1230 337 valde
1253 306 1425 360 benedicta

408 354 458 384 Ac,
481 354 596 385 virtute
619 356 745 394 placuit,
1076 350 1207 383 Hostem
1231 361 1307 384 nece
1329 356 1451 386 stravit.

364 397 444 429 Nam
468 401 579 430 mentis
604 405 714 431 ornatu
973 406 1003 436 3.
1030 405 1174 437 Mulieris
1199 406 1351 439 fortitudo

410 445 483 475 PIUS
508 454 597 484 quam
621 447 702 477 iuste
726 447 844 477 Glaruit.
948 483 951 486 Ι
1076 452 1210 485 Lumbos
1236 457 1284 485 esf,
1305 457 1526 495 constringere,

306 499 336 529 3.
362 497 492 529 Literali
517 501 619 531 studio
1028 498 1123 537 Quam
1148 500 1308 540 Hedwigis
1333 503 1538 533 mansuetudo

405 544 546 574 Adhibet
566 546 733 586 ingenium,
1074 545 1192 576 Meruit
1213 547 1390 587 adcingere.

359 588 402 619 Et
426 589 482 619 tali
505 591 620 622 solacio

409 634 515 666 Crevit,
537 638 648 668 mentis
672 639 827 677 gaudium.
1156 628 1360 663 Responsona.

970 680 1000 712 1.
1028 681 1087 712 Via
1111 683 1194 714 vitae
1216 685 1362 718 salutaris

490 708 693 743 Responsoria.
1072 728 1171 760 Facta
1196 732 1244 761 est
1268 731 1345 763 haec
1370 734 1482 774 viduis,

301 762 331 793 1.
358 762 469 794 Gaude
491 765 581 802 prole
604 767 659 797 t-ali
685 770 759 799 nata
1022 774 1117 812 Quam
1144 776 1312 809 virtutibus
1337 781 1519 821 praeclaris,

402 809 452 840 Ex
477 813 516 852 te,
547 820 565 842 o
587 811 739 854 Merania,
1069 821 1162 851 Alme
1186 822 1281 862 Deus,
1307 825 1448 867 instruis,

353 854 464 885 Laude
488 856 573 887 cuius
595 858 746 891 honorata
1023 866 1089 897 Fae
1112 876 1168 898 nos
1194 871 1259 901 eius
1283 872 1429 910 precibus

402 901 518 933 lubilat
542 903 663 944 Silesia,
1023 912 1061 943 In
1086 917 1262 946 sanctorum
1289 918 1416 950 sedibus

355 946 443 977 Haec
468 951 515 978 est
537 949 696 990 Hedwigis
719 952 812 984 beata
1072 959 1183 991 Locari
1212 965 1384 1004 perpetuis,

402 992 572 1033 Refulgens
596 1004 654 1034 per
677 999 831 1038 prodigia.
952 1003 987 1034 V.
1020 1004 1081 1043 Qui
1113 1015 1247 1039 coronas
1281 1018 1353 1041 eam
1375 1012 1413 1042 in
1435 1013 1565 1044 misera-

288 1037 325 1069 V.
358 1038 527 1070 Mulierem
535 1040 727 1082 fon‘emqms
736 1045 895 1078 inveniet?
1016 1050 1155 1083 tionibus
1199 1057 1227 1085 et
1265 1056 1366 1095 reples
1404 1058 1439 1089 in
1476 1060 1565 1092 bonis

346 1084 465 1123 procul
497 1088 525 1117 et
558 1088 595 1119 (le
624 1089 745 1122 ultimis
776 1091 893 1130 finibus
1021 1097 1167 1129 animam
1192 1100 1268 1133 eius.

347 1131 491 1169 pretium
515 1133 591 1167 eius.
962 1152 993 1183 2,
1019 1152 1096 1183 orta
1117 1154 1217 1194 stirpe
1241 1158 1328 1195 regia

297 1185 327 1215 2.
355 1184 482 1224 Signum
506 1187 640 1228 refulget
660 1191 691 1221 in
719 1193 812 1231 caelo,
1020 1199 1135 1230 Fertur
1159 1201 1200 1232 ad
1225 1201 1365 1243 humilia,

351 1231 467 1262 Mulier
490 1234 601 1265 amicto
627 1237 696 1268 velo
1065 1245 1111 1277 Ut,
1134 1247 1175 1277 sit
1198 1247 1230 1278 in
1253 1251 1438 1291 exemplum,

397 1277 490 1309 Radii
515 1280 637 1320 solaris,
1017 1291 1119 1329 Quare
1140 1293 1235 1330 plena
1259 1296 1361 1334 gratia

355 1322 511 1355 Coronata
534 1326 688 1359 sideribus
1018 1336 1188 1376 Refulgens
1211 1349 1269 1378 per
1294 1343 1398 1374 omnia

351 1368 470 1400 Lunam
494 1371 626 1403 subiecit
647 1375 781 1412 pedibus
1065 1383 1188 1416 Christo
1212 1385 1250 1417 fit
1272 1388 1304 1419 in
1330 1391 1491 1432 templum,

396 1415 513 1447 Laudis
542 1420 731 1459 temporalis.
948 1427 983 1459 V.
1015 1428 1058 1460 Ut
1089 1430 1165 1462 haec
1189 1435 1257 1464 erat
1279 1434 1316 1465 in
1339 1438 1485 1470 omnibus
1510 1439 1559 1478 fa-

282 1459 319 1492 V.
350 1458 411 1491 Oui
445 1460 586 1496 Christus
623 1466 724 1499 vivore
761 1471 829 1500 orat
863 1473 891 1502 et
1014 1476 1213 1520 ozzosissz‘ma,
1248 1481 1402 1518 Quoniam
1434 1484 1562 1517 timebat

346 1507 429 1537 mori
454 1507 586 1541 luorum.
1013 1521 1121 1553 Deum
1143 1523 1243 1556 valde.

293 1561 323 1592 3.
348 1561 398 1592 Ex
422 1563 519 1594 nobili
544 1566 643 1605 stirpe
666 1572 749 1609 nata,
957 1577 987 1608 3.
1013 1575 1104 1607 Felix
1128 1578 1185 1609 illa
1207 1578 1323 1613 femina

394 1608 533 1641 Moribus
562 1612 704 1656 nobilior,
1011 1622 1225 1657 Lam-imarum
1248 1626 1376 1660 flumina

346 1653 475 1685 Caleans
497 1658 604 1688 mundi
630 1660 773 1702 delicata,
1060 1669 1159 1701 Orans
1182 1672 1404 1715 profundebat,

392 1700 437 1730 Te
459 1701 527 1739 ipsa
551 1704 712 1737 sublimior
1011 1715 1144 1747 Vincens
1170 1727 1309 1759 quaeque
1333 1723 1465 1756 erimina

347 1744 389 1775 Et
413 1746 472 1777 iam
500 1747 623 1781 Christo
648 1754 792 1790 copulata
1010 1760 1139 1800 Semper
1162 1767 1274 1797 mentis
1298 1768 1416 1801 lumina

391 1791 515 1824 Gaudes
538 1796 603 1826 sole
625 1798 796 1835 pulchrior.
1055 1807 1182 1841 Sursum
1209 1812 1381 1856 dirigebat,

274 1836 312 1866 V.
341 1835 366 1868 O
394 1846 491 1876 quam
506 1840 639 1879 pulchri
661 1850 737 1877 sum
758 1857 882 1887 gressus
939 1852 975 1883 V.
1004 1852 1160 1888 Adoinxz't
1199 1858 1388 1897 fortitudine
1434 1863 1554 1898 lumbos

342 1883 390 1913 tui
405 1884 440 1914 in
458 1885 682 1930 calceamentis,
703 1892 776 1931 filia
784 1895 879 1933 prin-
1008 1909 1081 1933 suos
1122 1904 1151 1933 et
1187 1905 1348 1940 roboravit
1388 1910 1551 1943 brachium

342 1929 440 1968 cipis!
1007 1955 1111 1980 suum.

396 2050 440 2080 In
466 2051 495 2083 2.
523 2051 744 2090 Nocturno.
1062 2068 1108 2099 In
1140 2071 1170 2102 3.
1197 2070 1422 2110 Noeturno.

474 2124 667 2160 Antiphonae.
1146 2142 1340 2178 Anffiphonae.

283 2174 313 2207 ].
338 2176 477 2209 Tandem
502 2181 587 2220 virgo
612 2185 747 2218 traditur
948 2194 978 2225 1.
1003 2195 1090 2226 Auro
1115 2199 1283 2235 pretiosior

386 2223 490 2256 Thoro
514 2229 657 2270 nuptiali,
1049 2242 1208 2284 Hedwigis
1234 2250 1281 2278 est
1306 2251 1420 2284 caritas

340 2268 407 2300 Neo
430 2279 516 2303 mens
542 2277 626 2307 easta
649 2278 797 2317 plectitur
1002 2289 1204 2329 Argentoque
1229 2293 1343 2327 clarior

382 2316 420 2348 In
445 2319 554 2358 copula
578 2323 645 2355 tali.
1048 2334 1190 2368 Vidualis
1213 2341 1350 2376 castitas.
