1650 2542
753 141 795 145 —
847 122 1002 157 104—

313 212 496 244 Haereticus
519 215 725 253 nequissimus

357 258 420 290 Sub
445 261 572 291 tortoris
595 269 702 292 manus

310 303 350 334 Se
374 305 553 344 obligabant
576 309 680 338 mutuo

355 351 473 382 Errore
495 361 553 391 pro
577 353 750 391 haeretioo3

308 395 437 428 Sanctus
460 399 586 436 praesul
610 399 761 440 educitur,

305 441 349 472 Et
370 443 491 482 gladius
515 453 587 475 mox
610 445 730 482 rapitur

350 489 412 519 Per
433 498 541 520 manus
565 490 751 521 sanctissimi

349 533 494 565 Doctoris
518 535 681 576 Ieronymi.

265 602 272 608 .
303 579 471 618 Increpans
493 581 681 612 haereticum

350 624 457 657 Subito
484 626 648 666 disparuit,

302 670 346 701 Et
370 675 462 710 caput
484 674 700 712 nequissimum

351 717 427 749 Mox
451 718 493 749 ad
515 721 631 750 terram
657 720 784 753 decidit.

270 797 277 804 .
303 772 529 804 Translationis
553 776 692 814 tempore

304 817 384 848 Dum
410 820 512 858 coepit
533 822 647 852 terram
672 820 782 852 fodere

344 865 473 896 Inclitus
499 865 642 905 Cyrillus,

297 909 334 940 In
356 912 471 942 tumulo
495 912 540 942 sic
563 913 667 952 iacuit,

297 955 342 987 Ut
363 966 513 996 nusquam
536 961 652 990 terram
677 960 778 999 attigit

342 1001 446 1033 Sancti
470 1004 529 1036 viri
554 1013 675 1044 corpus,

296 1048 389 1085 Quem
413 1058 495 1080 nunc
517 1050 616 1082 Roma
639 1050 726 1084 fovet

339 1094 372 1124 in
395 1096 510 1135 templo
534 1097 663 1136 virginis
687 1098 796 1130 almae.

255 1163 263 1170 .
289 1138 459 1171 Subvenias
484 1143 566 1173 ‘tristi

338 1187 464 1228 populo,
489 1188 662 1229 Ieronyme‚
689 1190 804 1222 Christi

292 1230 409 1263 Doctor
433 1237 465 1264 et
487 1235 594 1274 amice,

336 1280 370 1308 tu
385 1277 454 1309 fons
470 1280 675 1312 nitidissimae
690 1283 822 1322 linguae.

382 1380 424 1410 In
448 1380 669 1415 Laudibus.

426 1462 615 1498 Antiphonae.

253 1538 259 1545 .
287 1515 310 1547 O
336 1525 425 1555 quam
451 1520 613 1552 credibilia

285 1561 351 1593 Tua
375 1565 549 1598 testimonia

329 1609 419 1640 Fecit
441 1612 504 1652 ille,
530 1614 624 1653 Deus,

283 1653 364 1685 Dum
389 1665 447 1695 pro
472 1661 526 1689 tua
549 1660 640 1691 vinea

283 1700 344 1731 Per
367 1704 508 1742 tempora
530 1714 591 1736 non
615 1706 739 1737 modica

326 1746 381 1777 Fit
405 1748 540 1781 Graecus
565 1754 597 1782 et
618 1752 789 1785 Hebiaeus.

247 1823 254 1830 .
281 1801 406 1833 Summa
430 1812 497 1834 cum
521 1806 735 1850 sollemnitate,

281 1846 385 1879 Omnis
408 1853 501 1893 terra,
527 1851 656 1884 iubilate

325 1893 392 1926 Deo
418 1904 486 1927 cum
510 1898 638 1942 laetitia,

281 1939 337 1977 Qui
362 1941 443 1972 hunc
465 1947 605 1975 sanctum
631 1947 798 1988 decoravit,

279 1984 345 2016 Sibi
368 1986 462 2019 fidem
486 1993 688 2029 praeparavit

328 2033 388 2063 Per
411 2037 538 2067 aeterna
562 2039 695 2071 saecula.

243 2107 251 2115 .
278 2086 490 2129 Quaesierunt,
517 2092 573 2123 sed
596 2093 629 2124 in
654 2104 776 2136 vanum,

275 2131 421 2165 Sanctum
443 2138 617 2174 praesulem
638 2140 795 2173 Silvanum

319 2179 397 2211 Tres
422 2183 514 2213 morti
536 2185 697 2230 perimere,

275 2224 337 2257 Sed
361 2227 441 2258 ensis
465 2231 637 2271 retrosiliit,

273 2270 419 2309 Quotiens
443 2274 493 2305 hic
518 2277 641 2309 cecinit:

318 2317 478 2359 Succurre,
505 2322 675 2364 Ieronyme

918 217 949 248 4.
975 216 1087 248 Omnes
1112 217 1288 249 benedicite

1018 262 1085 295 Deo
1110 265 1299 304 sacerdotes,

974 308 1019 340 Et
1040 309 1149 342 fideles
1173 312 1308 354 psallite,

1019 356 1099 387 Nam
1120 357 1161 388 ad
1187 358 1264 389 caeli
1290 358 1377 389 dotes

972 401 1123 435 Graditur
1146 404 1275 435 eximius

969 448 1073 480 Hodie
1096 450 1287 489 Ieronymus.

934 536 941 543 .
968 512 1196 545 collaudabant
1219 515 1338 546 bestiae

1015 558 1108 590 Suum
1134 563 1316 600 creatorem,

969 604 1052 635 Dum
1077 605 1152 637 feeit
1174 607 1337 639 mitescere

1011 649 1193 691 leronymus
1217 654 1347 693 leonem,

965 696 1023 735 Qui
1046 699 1133 729 venit
1153 699 1187 729 in
1212 700 1391 732 coenobium

1011 744 1146 784 Propter
1168 746 1288 784 spinam
1307 750 1504 791 pungentem,

963 788 1095 821 Demum
1118 792 1221 830 pascit
1244 793 1365 824 asinum

1009 836 1110 876 Ligna
1135 837 1335 871 deferentem.

1077 946 1121 973 Ad
1140 947 1321 976 Benedictus.

921 1042 929 1050 .
960 1020 1146 1060 Principalis
1171 1023 1311 1064 spiritus,

1004 1067 1061 1105 Qui
1086 1071 1133 1099 est
1154 1078 1187 1100 os
1212 1073 1396 1115 sanctorum,

958 1112 1159 1152 Loquebatur
1183 1117 1312 1148 caelitus

1002 1160 1064 1191 Per
1087 1162 1244 1199 speculum
1272 1164 1443 1204 doctorum,

956 1205 1038 1236 Dum
1064 1206 1103 1237 de
1126 1210 1283 1246 petrarum
1309 1211 1412 1242 medio

955 1251 1102 1291 Magnam
1125 1262 1235 1285 vocem
1258 1257 1375 1295 populo

1000 1297 1140 1330 Dederat
1161 1301 1354 1343 Ieronymus‚

953 1343 1036 1374 Hinc
1059 1348 1165 1383 gentes
1190 1349 1221 1378 et
1243 1349 1352 1387 populi

952 1389 1151 1423 Modulemur
1176 1396 1207 1424 et
1230 1394 1360 1433 singuli:

997 1436 1185 1471 Benedictus
1209 1440 1370 1474 Dominus.

1012 1575 1057 1606 In
1082 1578 1112 1608 2.
1140 1578 1356 1618 Vesperis.

1060 1667 1103 1694 Ad
1123 1669 1297 1704 Magnificat.

906 1755 913 1762 .
943 1731 979 1762 In
1004 1733 1086 1764 omni
1110 1736 1196 1766 terra
1218 1738 1322 1768 sonuit

988 1779 1144 1819 Ieronymi
1171 1782 1322 1826 doctrina,

942 1823 1023 1855 Nam
1046 1826 1116 1865 ipse
1138 1829 1258 1866 primus
1283 1832 1425 1864 condidit

987 1870 1099 1904 Officia
1124 1874 1240 1916 divina,

940 1917 1053 1949 Invisis
1078 1928 1169 1959 quem
1192 1923 1345 1963 prodigiis

984 1964 1069 1996 Deus
1093 1967 1312 2022 magnificavit,

938 2010 1071 2042 Insuetis
1097 2013 1192 2051 signis
1217 2015 1314 2047 variis

984 2057 1077 2088 Hunc
1099 2059 1296 2103 mirificavit·

937 2102 1105 2135 Testantur
1130 2107 1323 2139 venerabiles

984 2149 1128 2188 cyrillus
1154 2152 1357 2195 Augustinus,

937 2193 1049 2236 Salem,
1075 2197 1223 2236 Hippone
1245 2203 1416 2246 praesules

981 2221 1069 2279 Quo’d
1095 2243 1204 2275 doctor
1227 2246 1278 2278 hic
1303 2248 1425 2281 divinus

935 2286 984 2317 Sit
1006 2296 1084 2320 unus
1110 2289 1150 2320 de
1173 2292 1357 2326 sublimibus

981 2332 1097 2365 Christi
1120 2339 1230 2369 summi
1256 2341 1338 2380 regis
