1650 2542
626 142 858 177 -77—

235 234 279 266 In
306 235 337 266 3.
363 234 589 270 Nocturno.

311 316 503 352 Antiphonae.

121 381 149 412 1.
175 381 317 412 Mauritii
341 382 432 424 legio,

221 436 300 466 quae
324 432 468 460 constans
492 428 618 462 flamine
642 431 693 463 dio

172 474 347 514 Permanet,
372 475 405 506 in
428 476 582 508 Rhodano

218 521 338 559 patitur
362 521 419 553 sub
443 523 645 556 Maximiano.

117 577 149 607 2.
177 575 253 606 Pars
279 576 488 609 idolatrarum

216 623 356 664 grandiS,
374 633 449 664 pars
468 624 715 657 christicolarum

175 668 278 700 Pauca
300 674 428 701 manent
450 680 512 702 una

219 715 341 746 mixtim
362 725 424 748 non
448 717 517 756 lege
540 717 597 749 sub
622 727 691 750 una.

116 770 147 802 3.
176 769 293 801 Caesar
316 773 352 802 ut
373 772 406 802 in
430 770 519 803 festis

217 816 277 847 diis
300 817 392 848 offert
416 820 487 849 tura
510 820 661 857 scelestis,

170 862 289 893 Libans
313 863 469 904 laudatur,

214 909 323 940 nolens
347 910 448 941 libare
470 913 609 944 necatur.

308 1002 511 1037 Responsoria.

112 1065 142 1096 1.
170 1065 208 1096 In
232 1066 350 1105 campis
372 1067 618 1106 Agrippinorum

214 1112 388 1151 Eriguntur
410 1113 506 1153 idola,

168 1158 252 1197 Quae
276 1159 388 1190 adorat
410 1168 601 1199 paganorum

210 1204 381 1236 Multitudo
404 1203 528 1245 frivola,

98 1250 134 1281 V.
165 1250 210 1282 Ut
234 1251 390 1282 caelorum
413 1251 510 1284 intret
534 1252 671 1292 chorum,

211 1297 333 1329 Collum
358 1298 413 1329 dat
437 1298 624 1331 christicola.

109 1353 140 1383 2.
167 1350 262 1383 Sexto
288 1352 348 1392 die,
373 1353 431 1384 sub
456 1362 516 1392 quo
540 1354 663 1393 pridem

211 1397 334 1430 Gereon
359 1401 389 1430 et
414 1400 490 1431 socii

163 1443 367 1476 Decollantur
391 1449 523 1485 propter
546 1445 649 1487 fidem,

209 1490 316 1522 Mauri
343 1492 406 1523 iam
433 1492 537 1523 eximii

94 1536 130 1567 V.
163 1536 243 1568 Sunt
268 1537 385 1569 ibidem
410 1547 506 1578 genus
529 1539 613 1572 idem

207 1582 317 1614 Sortiti
342 1585 494 1623 martyrii.

102 1639 134 1670 3.
162 1638 313 1679 Princeps
339 1641 480 1680 egregius

205 1685 387 1717 Maurorum
409 1695 478 1718 cum
503 1687 650 1719 comitiva

157 1730 278 1763 Grandi
303 1731 473 1773 Gregorius

201 1781 355 1810 mactatur
379 1779 481 1812 hostia
505 1780 586 1823 viva,

157 1823 258 1856 Caelis
281 1825 441 1858 invehitur

203 1872 322 1903 nardus
347 1871 486 1912 fraglans
510 1875 660 1915 aperitur,

86 1918 124 1949 V.
153 1917 269 1949 Turma
294 1921 503 1952 trecentorum

202 1965 366 2005 sexaginta
388 1967 552 2000 sociorum.

270 2085 328 2117 Ad
352 2086 530 2123 Laudes.

300 2169 492 2205 Antiphonae.

95 2225 125 2258 1.
150 2224 240 2256 Mors
265 2228 313 2256 est
337 2226 517 2259 Maurorum

197 2271 338 2310 pretiosa
360 2273 473 2313 pioque
499 2276 613 2308 decore

151 2318 251 2350 Ornat
275 2327 339 2358 eos,
365 2328 494 2359 quorum

197 2364 258 2396 sita
283 2365 374 2397 sedes
399 2369 447 2398 est
467 2368 498 2399 in
524 2369 652 2402 honore.

783 239 815 271 2.

771 1841 803 1871 2.

842 237 954 269 Coetus
978 239 1154 268 sanctorum

887 292 948 314 non
972 291 1094 314 cessans
1117 292 1137 314 a
1156 281 1336 316 famulando

840 329 933 361 Atria
956 329 1110 361 caelorum

886 377 1030 416 penetrat
1056 376 1140 407 laete
1161 376 1334 410 iubilando.

841 431 1023 463 Maurorum
1046 434 1164 462 mentes

886 478 996 517 vigiles
1020 478 1061 509 ad
1085 480 1117 509 te
1140 479 1281 510 sitientes

843 524 888 557 Ut
910 524 1084 563 suscepisti,

886 579 943 601 nos
967 570 1099 612 suscipe,
1126 572 1230 610 gratia
1254 572 1379 603 Christi.

808 651 815 657 .
841 625 903 656 Hic
925 626 1056 657 humiles
1081 627 1176 658 corde

889 672 938 703 cui
961 672 1103 703 servistis
1128 673 1197 704 sine
1220 674 1323 712 sorde,

842 718 951 750 Omnia
976 719 1115 749 causanti

885 764 1018 796 Domino
1043 765 1227 808 benedicite,
1253 769 1362 797 sancti.

806 844 813 852 .
839 820 951 851 Coetus
975 823 1163 860 sanctorum,

883 866 1048 897 Dominum
1076 867 1202 898 laudate
1225 868 1377 910 polorum,

838 913 868 943 A
892 921 951 951 quo
976 915 1155 943 cunctorum

883 958 1027 997 procedit
1052 967 1170 990 summa
1193 959 1353 990 bonorum.

952 1031 997 1058 Ad
1015 1032 1195 1059 Benedictus.

800 1102 806 1108 .
838 1078 862 1110 O
886 1079 1012 1117 patroni
1035 1080 1172 1119 gloriosi,

834 1124 944 1156 Testes
968 1125 1086 1157 Christi
1109 1126 1249 1165 pretiosi,

882 1171 1003 1203 Vestris
1025 1172 1058 1203 in
1082 1172 1264 1211 corporibus

836 1218 996 1249 Patienter
1024 1218 1077 1257 qui
1101 1219 1216 1249 tulistis

836 1263 954 1295 Poenas
977 1265 1097 1304 mortis,
1122 1265 1272 1296 meruisti:

878 1310 1004 1341 Ascribi
1028 1311 1222 1352 caelestibus,

834 1355 870 1386 In
895 1356 954 1387 hoc
977 1357 1092 1388 mundo
1119 1356 1293 1389 confort-ato

833 1402 1010 1441 Pugnantes
1034 1406 1065 1433 et
1087 1403 1255 1442 impetrate

879 1448 1008 1480 Veniam
1033 1450 1238 1489 supplicibus,

898 1533 943 1565 In
970 1535 1000 1567 2.
1025 1535 1241 1573 Vesperis.

971 1597 1162 1634 Antiphonae.

798 1669 804 1675 .
832 1644 919 1675 idem
944 1647 1053 1686 tortor,
1078 1647 1163 1678 idem

876 1694 1008 1731 tempus,
1035 1693 1091 1724 sed
1108 1702 1169 1725 non
1187 1694 1272 1725 locus
1289 1694 1372 1726 idom

828 1736 963 1769 Militiae
988 1739 1066 1770 caeli

877 1784 932 1815 dat
952 1785 1039 1817 milia
1062 1786 1154 1825 plura
1177 1785 1274 1819 fideli.

828 1840 946 1872 Astant
968 1841 1056 1873 milia
1078 1851 1133 1874 sex

875 1888 1015 1919 sexcenti
1038 1897 1094 1919 sex
1120 1889 1223 1921 decies
1248 1899 1302 1922 sex

828 1933 978 1966 Mauritio
1002 1935 1156 1967 Rhodano

873 1981 960 2020 passi
983 1981 1040 2013 sub
1064 1982 1268 2018 Maximiano,

793 2062 801 2070 .
826 2036 931 2067 Mauri
955 2039 1004 2068 ter
1027 2040 1148 2070 centum

874 2084 1036 2123 sexaginta
1064 2085 1189 2117 subiere

826 2129 940 2162 Mortis
963 2133 1152 2163 tormentum

872 2175 947 2209 fidei
973 2178 1143 2210 certamine
1167 2188 1270 2213 verae.

825 2232 889 2264 Ter
913 2235 1037 2264 centum
1061 2235 1152 2267 nonis

872 2278 920 2310 bis
945 2288 1015 2311 cum
1039 2281 1132 2313 sociis
1158 2282 1308 2314 Gereonis

825 2324 904 2358 Sunt
928 2326 1123 2367 Agrippinae

872 2373 1016 2405 custodes
1041 2374 1075 2405 hi
1098 2375 1166 2406 sine
1190 2374 1260 2409 fine.
