1650 2542
758 135 1011 169 —124—

316 226 360 257 Et
383 234 513 265 corpore
536 230 746 259 consecratam
980 230 1085 268 Atque
1108 230 1232 269 plebem
1258 235 1474 272 congregatam

362 272 460 304 Serva
481 273 542 304 tuis
566 274 711 312 precibus
1026 275 1088 307 Hic
1110 277 1142 308 in
1167 278 1227 309 tuis
1252 279 1409 313 laudibus,

319 338 401 364 Brev.
421 344 472 363 ms.
491 336 658 371 Tungrense
677 344 750 363 saec.
766 335 808 364 15.
848 337 916 364 Cod.
937 337 1042 365 Semin.
1064 340 1201 368 Leodjen.
1223 340 1310 369 6Μ2.
1330 343 1363 370 Α.
1378 358 1416 362 -
1437 345 1518 372 Brev.

245 382 295 401 ms.
309 375 474 408 Tungrense
493 380 566 399 saec.
588 372 630 400 15.
663 373 731 401 Cod.
746 374 956 401 Darmstadien.
977 373 1040 402 349.
1054 377 1086 402 B.
1100 393 1137 397 —
1150 379 1234 405 Brev.
1248 388 1300 407 ms.
1313 381 1518 409 Tremoniense

244 419 317 438 saec.
345 409 387 437 15.
427 409 494 437 Cod.
512 409 722 436 Darmstadien.
742 408 805 437 869.
827 410 857 437 C.
880 426 916 430 -—
935 412 1017 439 Brev.
1038 422 1089 441 ms.
1110 414 1139 442 S.
1160 417 1373 444 Bartholomaei
1393 418 1518 446 Franco-

242 448 343 474 furten.
367 455 440 474 saec.
469 444 510 472 15.
550 445 617 473 Cod.
637 447 849 474 Franeofurten.
869 448 966 475 Barth.
992 447 1036 477 83.
1056 451 1092 477 D.
1112 467 1147 471 —
1170 453 1251 480 Brev.
1273 463 1324 481 ms.
1344 455 1516 483 Dusseldor-

242 486 340 518 pinum
362 483 384 510 C
403 482 447 510 60.
467 490 541 509 saec.
563 481 606 509 14.
625 483 660 510 E.
673 497 708 501 —
722 484 807 519 Vesp.
829 493 879 511 ms.
893 486 1076 514 Francisean.
1098 497 1171 516 saec.
1194 488 1236 517 16.
1271 491 1515 520 Cod.Bruxellen.

243 519 323 548 6434.
343 520 374 547 F.
394 534 430 538 —
449 520 489 546 In
512 518 536 545 1.
560 520 659 554 Vesp.
680 519 702 546 Α
726 519 749 554 1,
769 519 787 548 3
806 522 978 550 Attollamus
997 525 1153 559 praelibati
1171 527 1230 554 AF.
1245 542 1281 547 —
1301 527 1323 554 A
1347 528 1370 562 1,
1389 528 1409 556 4
1428 530 1515 558 Prae-

241 558 311 584 sulis
329 557 479 584 sollemnia
497 555 554 582 ΑΕ.
570 570 603 574 -—
625 557 647 582 Α
667 555 693 590 3,
717 557 729 584 1
750 566 854 592 genere
869 559 942 586 fehlt
952 560 987 587 E.
1000 575 1036 579 —-
1055 562 1100 589 Ad
1118 563 1215 599 Magn.
1230 563 1261 598 Α,
1284 564 1298 592 1
1314 566 1401 593 Plebs
1420 566 1515 595 fidelis

240 594 407 621 iucundetur
426 593 482 620 AF.
497 607 533 610 —
551 593 624 620 Ibid.
644 591 661 620 3
682 594 800 621 Sacrum
813 596 937 623 Huberti
957 606 1060 633 corpus
1079 599 1136 626 AF.
1150 616 1183 620 —
1199 602 1240 628 In
1263 601 1285 629 1.
1302 603 1351 630 No
1360 606 1400 630 ct.
1417 602 1437 629 Β
1461 603 1484 638 1,
1499 603 1513 631 1

241 630 366 657 Consilio
391 631 466 665 regis
485 630 520 656 E.
597 628 617 655 Β
638 629 664 663 2,
687 630 701 658 1
722 630 869 659 Summum
888 636 1031 668 pastorem
1055 636 1094 669 A,
1123 637 1233 665 Summi
1253 642 1401 674 pastorum
1419 641 1456 668 E.
1477 656 1513 661 —

238 668 278 694 In
298 665 323 694 2.
343 668 441 694 Noct.
463 665 484 692 Α
507 665 530 698 1,
553 664 567 693 1
586 667 621 693 In
640 668 747 695 lanceis
768 670 896 696 resoluta
913 671 948 697 E.
971 686 1004 690 —-
1024 670 1046 698 Α
1067 671 1092 706 3,
1114 672 1130 700 5
1150 683 1192 710 sq.
1208 676 1303 704 fehlen
1317 677 1350 704 A.
1365 693 1402 696 —
1418 676 1437 703 Β
1453 676 1478 712 2,
1496 678 1510 705 1

237 704 308 731 Post
327 705 408 731 annis
430 703 535 730 Christi
554 703 587 729 A.
607 720 644 724 —-
665 703 685 730 R
706 703 732 738 2,
751 703 769 732 3
789 706 910 734 Praesul
930 710 1057 744 suscepit
1076 710 1110 737 Ε.
1130 726 1162 730 -
1188 710 1208 737 Β
1229 711 1255 746 2,
1276 713 1293 740 ’7
1313 714 1362 741 Sic
1381 723 1463 742 secus
1476 716 1510 750 A,

237 741 347 768 accedit
369 740 441 767 fehlt
458 740 492 767 A.
512 754 548 758 —
567 741 607 767 In
630 739 656 768 3.
679 742 776 769 Noct.
799 741 818 768 Β
848 742 871 776 1,
892 743 909 771 5
936 745 972 772 ad
998 754 1076 773 aram
1095 748 1129 774 E.
1149 763 1187 767 ——
1208 748 1228 775 Β
1251 748 1276 784 3,
1300 749 1314 777 1
1334 752 1412 778 Dum
1431 761 1509 779 mors

236 778 269 803 A.
296 792 329 796 -
360 778 489 804 Presella
513 777 585 803 fehlt
608 778 644 805 E.
670 794 705 798 —-
732 779 774 806 In
798 780 908 807 Laud.
936 780 958 807 Α
984 780 1008 816 2,
1029 782 1048 810 4
1077 785 1228 813 Vetustate
1253 790 1380 823 corporis
1411 789 1446 816 Ε.
1472 805 1511 809 -

236 812 258 839 Α
278 813 304 847 3,
326 813 340 841 1
360 814 568 849 Karlemagnus
589 815 621 848 A,
640 816 766 843 Karolus
786 825 905 853 magnus
925 818 959 845 E.
972 833 1011 837 —
1023 820 1063 847 In
1083 819 1108 847 2.
1123 823 1190 850 Ves
1199 832 1226 858 p.
1248 825 1284 851 ad
1296 826 1394 861 Magn.
1416 826 1437 851 Α
1454 824 1478 860 1,
1495 825 1509 853 1

236 851 259 878 Ο
280 851 409 878 Huberte
430 852 460 878 F.

675 943 725 973 42.
760 942 803 974 De
822 945 928 975 sancto
948 945 1063 978 Iacobo.

368 1001 415 1033 In
441 1001 470 1033 1.
497 1001 708 1040 Vesperis.
968 1006 1026 1044 Qui
1049 1007 1082 1038 in
1104 1017 1197 1040 carne
1220 1013 1423 1044 reverendam

574 1075 580 1080 .
967 1051 1082 1085 Christi
1104 1055 1249 1087 viderunt
1274 1059 1423 1099 gloriam3

421 1072 465 1099 Ad
483 1073 657 1108 Magmfioat.
897 1096 932 1128 V.
961 1098 1039 1131 Tres
1063 1110 1140 1140 prae
1161 1104 1278 1135 cunctis
1303 1108 1376 1136 sunt
1400 1106 1500 1146 electi,

230 1128 270 1156 A.
298 1125 443 1159 Gloriosa
468 1130 612 1168 splendet
636 1132 704 1163 orbi
963 1145 1097 1183 Quorum
1122 1146 1230 1180 felices
1256 1151 1346 1182 oculi.

297 1171 385 1204 Beati
409 1173 487 1205 fides
512 1176 627 1219 Iacobi,

297 1218 357 1249 Pro
383 1228 443 1258 qua
467 1229 573 1253 caesus
597 1223 636 1254 ab
662 1224 790 1256 Herode

294 1263 432 1304 Regnum
457 1268 580 1299 scandit
603 1270 643 1300 ad
669 1271 810 1303 caeleste.

906 1200 935 1230 2.
963 1199 1038 1232 Cum
1062 1205 1223 1242 tropaeum
1244 1206 1410 1239 salvatoris

959 1246 1162 1280 Praedicaret
1185 1253 1361 1292 synagogis,

958 1294 1020 1324 Ars
1045 1303 1204 1335 magorum
1228 1296 1264 1328 fit
1288 1298 1389 1339 obvia,

369 1349 428 1380 Ad
452 1350 673 1383 Matuffium
816 1369 822 1372 ,
958 1339 1017 1377 Qui
1042 1341 1196 1373 docebant
1220 1345 1385 1383 contraria,

889 1383 926 1416 V.
956 1385 1037 1422 Quos
1061 1388 1222 1420 revincens
1245 1399 1302 1428 per
1326 1391 1471 1430 spiritum

421 1421 629 1451 Invitatorium.
957 1431 1118 1464 Convertit
1141 1435 1197 1466 hos
1222 1437 1263 1467 ad
1286 1437 1463 1471 Dominum.

293 1475 482 1509 Veneremur
506 1480 661 1512 Christum
685 1492 798 1524 regem,
899 1487 928 1518 3.
954 1488 983 1518 A
1007 1488 1090 1519 Iosia
1114 1488 1187 1521 fune
1211 1492 1341 1535 vinctus,

294 1522 359 1559 Quo
379 1523 508 1555 Iacobus
531 1526 591 1557 iam
616 1536 781 1566 perennem
954 1534 1004 1564 Ad
1030 1534 1189 1567 Herodem
1214 1541 1261 1569 est
1285 1540 1465 1581 perductus,

292 1567 465 1600 Promeruit
487 1573 575 1611 regni
599 1574 714 1607 sedem.
954 1579 1036 1611 Dum
1062 1581 1168 1613 bibere
1191 1584 1252 1615 iam
1277 1584 1400 1617 felicem

955 1625 1072 1657 Christi
1096 1628 1199 1660 sitiret
1223 1631 1368 1672 calicem3

348 1652 393 1683 In
419 1653 450 1686 1·
476 1654 700 1690 NOOtUPUO·
886 1670 921 1702 V.
949 1672 1017 1710 Qui,
1041 1676 1077 1704 ut
1100 1675 1225 1707 Iudaeis
1250 1678 1376 1718 placuit,

432 1726 621 1762 Antiphonae.
952 1717 1045 1749 Hunc
1069 1720 1219 1753 decollari
1242 1725 1360 1756 statuit.

230 1780 259 1810 1.
283 1779 328 1811 Ut
352 1781 493 1813 caelestis
516 1782 701 1817 firmamenti

288 1825 427 1858 Intonuit
449 1837 509 1860 vox
533 1830 647 1875 Iacchi,
1010 1839 1056 1871 In
1082 1842 1111 1874 2.
1138 1841 1194 1874 No
1205 1847 1360 1878 cturno.

288 1871 368 1903 Dum
393 1874 522 1913 gloriam
546 1881 654 1909 narrat
676 1879 745 1912 Dei.

231 1928 261 1959 2.
288 1927 389 1960 Verbo
409 1929 469 1961 Dei
494 1931 690 1966 confirmatus
1028 1970 1034 1976 .
1095 1915 1286 1979 Anhphonae,
1313 1976 1320 1982 Ι

283 1973 327 2004 Et
350 1975 462 2013 spiritu
486 1978 548 2009 oris
574 1980 639 2011 eius
893 1970 921 2001 1.
949 1968 1110 2024 Gloriosus
1134 1982 1280 2013 princeps
1310 1979 1380 2018 iste,

288 2019 413 2052 Cunctis
440 2021 529 2054 fulsit
551 2026 725 2059 virtutibus.
947 2016 1015 2047 Deo
1041 2023 1220 2051 commotus
1245 2021 1403 2063 Abrahae,

229 2074 260 2106 3.
287 2074 374 2112 Quod
399 2086 419 2108 a
438 2077 505 2109 Deo
531 2082 713 2114 constitutus
947 2062 1149 2102 Triumphato
1175 2067 1290 2105 gaudet
1312 2068 1410 2101 hOSte'

282 2121 431 2161 Princeps
455 2126 558 2156 terrae
582 2128 623 2158 sit
645 2130 786 2170 Iacobus,
890 2117 919 2149 2·
946 2117 1159 2196 Hereditaffg‘m
1184 2123 1226 2164 ’ω’
1253 2122 1348 2177 Deus)

283 2166 491 2208 Hermogenes
516 2173 613 2204 sensit
635 2184 752 2216 magus.
941 2164 1398 2249 ἕὲἓίἓὲὒῗηηὲθῗζξὲξὲἓωὸ

415 2242 616 2278 Responsoria.
888 2266 917 2297 3.
945 2266 1105 2298 Intellexit
1128 2268 1189 2300 Dei
1219 2269 1304 2304 facta

227 2294 255 2326 1.
282 2295 396 2335 Fulget
418 2299 484 2330 sole
507 2302 702 2340 splendidius
941 2311 985 2342 Et
1009 2321 1088 2351 quae
1116 2314 1155 2346 de
1177 2318 1243 2348 nati
1268 2320 1368 2359 gloria

278 2342 365 2374 Inter
387 2345 535 2383 primates
559 2349 702 2392 Iacobus,
941 2357 1080 2390 Intonuit
1103 2369 1163 2393 vox
1186 2367 1328 2402 paterna.
