1650 2542
697 111 949 145 -161—

306 197 351 227 In
379 198 409 230 1.
436 199 661 238 Nocturno.

392 289 584 326 Antiphonae.

215 376 222 383 .
249 353 404 386 Iohannes
428 357 530 388 clarus

292 400 462 433 Antiochia
485 405 625 437 nascitur
648 408 737 448 urbe,

247 445 450 487 Dilectusque
479 458 569 482 carus

293 492 437 534 Domino,
449 496 576 535 placens
590 507 712 538 quoque
724 503 790 532 tur-

569 544 636 577 bae.

212 649 219 654 .
247 623 469 663 Philosophiae

289 671 428 702 studium
455 672 656 712 impenderat
679 685 786 718 usque,

243 715 319 747 Post
342 717 421 749 haee
444 719 621 759 theologiae

288 762 439 795 insudans
465 766 732 807 dogmatibusque.

184 848 214 876 ¹.
240 844 303 876 Hie
327 846 459 890 sobrius,
487 852 592 881 castus

287 894 459 925 mundanos
483 896 606 934 respuit
629 901 725 938 aetus,

239 938 292 970 Sie
316 939 439 971 animae
461 941 564 972 labem

286 983 408 1024 fugiens
435 988 574 1026 corporis
600 998 721 1028 quoque
737 994 783 1022 ta-

558 1034 637 1067 bem.

372 1124 576 1159 Responsoria.

202 1212 209 1219 .
236 1189 294 1219 Vir
318 1189 444 1221 Domini
468 1191 623 1223 Iohannes

235 1234 443 1267 Scientiarum
469 1246 574 1268 amnes

282 1281 370 1314 Bibit,
393 1292 412 1313 a
436 1284 582 1323 pueritia,

234 1327 348 1359 Libros
369 1330 535 1369 perlegens
559 1333 721 1362 auctorum

234 1373 369 1413 Collegit
392 1376 523 1407 virtutes
547 1386 675 1419 morum,

281 1420 394 1452 Mundi
421 1422 579 1454 detestans
603 1423 689 1463 vitia,

192 1491 199 1498 .
230 1466 382 1498 Methodo
404 1468 533 1506 sophiae

280 1514 380 1546 tenuit
404 1515 617 1547 moderamina
640 1516 722 1554 piae.

196 1623 203 1630 .
231 1597 436 1629 Naturalibus
460 1599 598 1631 imbutus

274 1644 429 1675 Iohannes
456 1644 554 1677 bonae
576 1646 691 1678 indolis

226 1690 269 1721 Et
293 1689 435 1728 perfecte
461 1692 616 1725 delibutus

273 1737 495 1776 Philosophiae
519 1740 640 1778 poculis

224 1783 320 1814 Brevi
344 1784 401 1816 sub
428 1786 612 1824 compendio

223 1830 345 1861 Fruens
369 1831 479 1862 mundi
503 1833 614 1876 stadio,

183 1901 191 1908 .
222 1876 379 1910 Virtutum
404 1875 498 1908 flores

270 1923 442 1963 decerpens
466 1924 647 1959 nobiliores,

186 2030 193 2038 .
221 2007 436 2047 Regnantibus
461 2009 600 2041 Arcadio

221 2054 409 2094 Pariter-que
430 2055 571 2087 Honorio

266 2100 311 2132 Et
331 2101 468 2133 Damaso
492 2100 671 2146 pontif[ice]

220 2144 374 2190 [Civit]ati
397 2149 609 2189 praesidente,

218 2194 335 2225 Romae
363 2195 517 2227 Iohannes
542 2199 672 2236 repente

266 2240 421 2280 Fungitur
446 2242 614 2282 episcopio,

176 2313 184 2322 .
218 2286 422 2319 Constantino
444 2289 521 2321 sede

262 2332 369 2373 figitur
392 2334 425 2365 in
448 2336 603 2374 praesulis
628 2337 716 2369 aede.

202 2392 328 2420 Dreves,
344 2391 464 2416 Historiae
478 2393 629 2421 rhythmicae.
657 2395 696 2418 VI.

981 209 1028 240 In
1054 210 1084 241 2.
1111 209 1333 243 Nocturno.

1061 281 1252 318 Antiphonae.

884 362 891 369 .
918 338 980 369 Hic
1005 339 1185 370 clericorum

967 385 1061 416 vitam
1087 386 1242 425 corrigere
1265 388 1371 419 volens

918 430 994 462 Mox
1017 439 1235 470 perversorum

965 486 1078 509 vanum
1091 478 1192 509 odium
1208 488 1327 518 quoque
1341 480 1457 514 dolens

886 558 893 565 .
918 532 1152 571 Hospitalitatis

961 579 1082 610 ieiunus
1106 580 1211 619 nilque
1235 579 1366 620 ferebat,

915 623 976 656 Sed
1006 625 1184 657 sobrietatis

960 672 1118 703 stomacho
1144 674 1296 711 caputque
1321 673 1455 705 dolebat.

881 752 888 758 .
914 727 1049 765 Propter
1077 736 1233 758 sermones

960 773 1069 812 dignas
1093 776 1124 804 et
1147 774 1398 813 praedicationes

912 818 1005 850 Plebs
1031 828 1099 850 cum
1124 820 1243 862 dilexit,

958 866 1168 896 aemulantum
1193 875 1249 897 ora
1274 867 1429 905 despexit.

1051 939 1254 973 Responsoria.

878 1019 884 1025 .
912 993 1272 1033 Constantinopolitanus

909 1039 1039 1070 Praesul
1063 1040 1216 1072 Iohannes
1240 1050 1298 1079 per
1320 1051 1428 1073 manus

956 1085 1038 1117 Cleri
1061 1087 1095 1117 in
1119 1087 1270 1125 phoenice
1293 1088 1374 1118 luxit

908 1132 999 1163 Idola
1029 1132 1220 1172 dissipando,

907 1177 1021 1209 Veram
1045 1177 1138 1210 fidem
1163 1181 1389 1219 propugnando

954 1224 1114 1256 Ecclesias
1138 1227 1322 1265 construxit,

868 1294 875 1302 .
907 1269 1017 1301 Gentis
1042 1271 1220 1303 barbariem

953 1320 1136 1348 convertens
1160 1318 1193 1349 in
1219 1327 1323 1351 veram
1343 1318 1445 1352 fidem.

871 1395 877 1402 .
904 1371 1141 1411 chrysostomus
1164 1372 1360 1413 fortissimus,

903 1418 977 1450 Zelo
1001 1417 1077 1450 fidei
1100 1420 1226 1460 ignitus,

951 1465 1202 1497 Orthodoxorum
1226 1467 1343 1506 templa

904 1511 1068 1542 Prohibuit
1098 1512 1167 1543 dari
1190 1522 1290 1544 vanae

902 1558 1125 1589 Archihaeresi
1150 1558 1287 1590 Arianae

949 1604 1040 1635 Pauli
1064 1613 1195 1644 sequens
1219 1606 1369 1645 exempla.

863 1674 870 1680 .
902 1650 1093 1682 Conculcans
1118 1652 1263 1683 haereses

948 1697 995 1728 sie
1020 1697 1144 1729 Christo
1172 1700 1406 1733 contrarienteS.

865 1777 872 1784 .
899 1752 1006 1784 Oratio
1030 1754 1191 1793 pervigilis

899 1798 1112 1839 Chrysostomi
1136 1801 1283 1833 Iohannis

942 1845 980 1877 In
1005 1846 1133 1878 Bisanto
1159 1849 1294 1890 emicuit,

895 1892 1087 1931 Angelorum
1111 1895 1265 1925 exercitus

896 1938 1002 1969 Armis
1027 1942 1217 1972 monstratus
1243 1942 1371 1973 caelitus

943 1985 1019 2024 Igne
1043 1985 1153 2017 urbem
1179 1988 1301 2031 eripuit,

856 2055 863 2060 .
894 2030 948 2062 Sic
970 2040 1065 2070 prece
1088 2034 1223 2071 pastoris

940 2078 1026 2109 locus
1053 2079 1234 2112 defensatur
1258 2082 1393 2116 honoris.

951 2162 995 2193 In
1022 2164 1052 2195 3.
1078 2163 1302 2199 Nocturno.

1034 2236 1226 2273 Antiphonae.

859 2316 866 2323 .
888 2291 1056 2324 Doctorem
1081 2303 1187 2327 senem

939 2340 1110 2379 reprobare
1133 2343 1240 2375 volens
1264 2345 1416 2376 Arianum

1233 2397 1266 2426 11
