1650 2542
232 861 250 891 [Ο

742 154 971 188 —94—

295 245 336 276 Et
360 255 379 277 a
401 246 491 278 malis
516 247 683 278 custodivit

340 291 432 323 Suum
459 301 565 324 verum
591 294 748 325 cultorem.

424 374 626 409 Responsoria.

261 462 268 469 .
293 438 450 470 Birretum
472 439 570 478 patris
594 440 694 470 incliti

295 484 419 515 Occisor
443 493 497 515 suo
521 485 616 523 capiti

340 531 505 561 Protervus
529 530 718 570 imponebat,

292 575 379 612 Quod
404 576 476 607 dum
500 576 595 607 vellet
618 585 770 618 amovere,

293 620 408 652 Carnes
433 622 479 652 illi
505 622 671 653 cohaesere

334 667 377 698 Et
401 676 452 698 eas
477 668 658 707 amovebat3

290 713 399 753 Ursus,
425 722 514 752 quem
539 723 573 745 se
595 715 803 753 prostravisse

290 758 410 790 Retulit
434 763 465 790 et
488 761 665 802 peremisse,

334 804 385 836 Sic
409 814 476 836 eum
501 807 707 838 remordebat.

255 886 261 891 .
284 860 442 891 Annulum
467 864 498 892 et
522 862 651 901 digitum

286 906 394 945 Longe
419 908 471 938 diu
495 911 566 946 post
589 908 705 939 obitum

332 952 464 992 Insignis
490 954 548 984 viri
572 953 632 984 Dei

288 998 433 1029 Ostendit
455 1000 577 1030 avicula

287 1043 442 1075 Iacentem
465 1045 498 1075 in
522 1045 677 1084 particula

334 1089 499 1121 Cuiusdam
521 1092 648 1133 glaciei3

282 1134 364 1166 Dum
389 1145 496 1168 sacrae
519 1137 669 1176 reliquiae

286 1181 452 1213 Iacuerunt
474 1183 506 1213 in
531 1183 639 1223 glacie,

330 1227 421 1259 Calor
444 1237 505 1259 non
530 1233 621 1261 nocet
644 1230 682 1263 ei.

227 1302 256 1311 ,.
283 1282 425 1314 imitator
448 1284 611 1315 salvatoris

334 1329 504 1368 vigilanter
531 1331 655 1369 populis

283 1375 394 1405 Veram
418 1374 512 1406 fidem
537 1377 686 1408 creatoris

327 1421 516 1452 Praedicans
540 1422 720 1462 incredulis,

280 1466 325 1498 Ut
347 1468 502 1505 praeclari
526 1469 573 1499 sol
597 1467 727 1508 fulgoris

330 1511 444 1543 Lucem
470 1514 558 1545 dedit
581 1516 721 1547 saeculis.

282 1557 424 1590 Glorioso
447 1560 510 1590 iam
533 1560 650 1592 laboris

281 1604 399 1636 Fructu
423 1606 537 1645 gaudet
561 1609 593 1637 et
614 1607 739 1639 honoris

327 1651 497 1691 Insignitur
521 1653 630 1684 titulis.

336 1789 380 1819 In
407 1790 437 1821 3.
466 1790 688 1823 Nocturno.

418 1870 607 1906 Antiphonae.

245 1961 252 1968 .
279 1935 353 1967 Cum
377 1936 456 1967 lucri
479 1938 690 1977 magnitudine

276 1981 390 2013 Servus
414 1981 517 2014 fidelis
542 1985 662 2024 gratiae

324 2028 471 2059 Reddens
497 2030 570 2061 data
593 2032 720 2071 talenta,

275 2074 312 2104 In
335 2075 421 2112 pacis
446 2076 679 2114 pulchritudine

279 2119 457 2152 Collocatur
486 2124 517 2152 et
541 2124 649 2162 requie

321 2167 445 2198 Potitur
474 2168 630 2207 opulenta.

243 2247 249 2255 .
274 2221 420 2253 Perfecta
444 2223 632 2255 desiderium

321 2268 375 2299 Sui
400 2269 502 2300 cordis
526 2270 669 2311 adeptus,

271 2315 323 2346 Ad
349 2316 448 2346 caelos
472 2324 530 2355 per
552 2319 735 2357 martyrium

319 2362 438 2402 Migrat
459 2363 550 2395 malis
575 2367 709 2404 ereptus.

900 249 929 280 3.
957 247 1086 279 Servum
1110 250 1201 287 pater
1225 247 1359 279 familias

1002 295 1166 326 Inventum
1190 295 1370 334 vigilantem

955 340 1007 371 Ad
1031 342 1173 372 aeternas
1200 341 1328 372 delicias

1000 387 1128 419 Induxit
1151 388 1406 426 triumphantem.

1097 460 1298 495 Responsoria.

899 514 928 547 1.
954 514 1112 546 Praeclari
1135 516 1235 554 patris
1259 517 1408 548 sanctitas

999 561 1181 593 Doctrinam
1207 561 1398 594 fructuosam

957 607 1104 647 Vitaeque
1133 608 1311 640 virtuositas

999 653 1166 685 Reddebat
1188 655 1355 694 gratiosam

956 698 999 729 Et
1027 704 1158 731 mortem
1181 703 1336 731 monstrat
1360 701 1489 731 claritas

997 744 1160 785 Signorum
1184 747 1363 785 pretiosam,

884 789 920 821 V.
952 790 1044 823 Nunc
1066 795 1208 830 praestat
1230 793 1279 823 illi
1302 793 1402 823 deitas

999 837 1150 869 Coronam
1174 839 1351 878 gloriosam.

894 893 924 923 2.
952 892 975 923 O
1000 893 1066 924 vita
1090 894 1353 931 commendabilis,

950 938 974 970 O
999 948 1081 970 mors
1108 940 1336 979 desiderabiliS‚

950 984 1084 1024 Propter
1108 994 1187 1025 quae
1211 986 1398 1018 venerabilis

947 1030 1010 1061 Hic
1033 1031 1176 1069 pontifex
1199 1031 1236 1064 fit
1259 1032 1370 1063 similis

993 1076 1030 1107 ln
1055 1078 1155 1116 gloria
1178 1081 1365 1120 sanctorum,

881 1122 917 1153 V.
950 1121 1138 1155 Commenda
1161 1133 1226 1162 nos,
1252 1125 1395 1156 amabilis

946 1168 1041 1201 Pater
1067 1172 1098 1200 et
1120 1170 1312 1202 honorabilis

993 1215 1126 1256 Martyr,
1151 1225 1224 1256 rego
1251 1217 1414 1248 caelorum.

890 1269 920 1300 3.
945 1269 1073 1309 Martyr
1095 1271 1155 1301 istc
1179 1271 1326 1303 militavit

947 1314 1080 1355 Christo,
1097 1325 1155 1355 per
1168 1326 1258 1356 quem
1271 1318 1474 1357 triumphavit

945 1361 1179 1401 Triumphando
1204 1365 1379 1403 reportavit

945 1406 1065 1448 Finem,
1091 1418 1148 1447 pro
1176 1418 1235 1448 quo
1262 1411 1428 1442 desudavit

992 1454 1143 1486 Coronam
1166 1456 1322 1499 iustitiae3

877 1498 911 1532 V.
941 1500 1033 1531 Felix
1058 1509 1182 1532 cursum
1207 1504 1440 1545 consummavit,

944 1546 1002 1585 Qui
1025 1555 1083 1585 pro
1103 1547 1176 1587 fide,
1203 1558 1294 1588 quam
1319 1551 1467 1592 servavit,

988 1593 1103 1633 Fulget
1126 1595 1208 1626 stola
1232 1596 1360 1635 gloriae.

1477 1345 1485 1362 7

1027 1713 1072 1744 In
1096 1713 1328 1748 Laudibus.

1074 1785 1266 1822 Antiphonae.

886 1840 916 1872 1.
941 1840 1111 1873 Multitudo
1135 1844 1346 1883 languentium

987 1888 1144 1921 Restituta
1163 1891 1258 1921 saluti

941 1934 1054 1966 Fidele
1078 1936 1288 1968 testimonium

986 1980 1051 2012 Dat
1073 1983 1220 2022 martyris
1245 1984 1363 2017 virtuti.

882 2037 913 2066 2.
938 2034 1045 2075 Longo
1073 2037 1180 2068 dolore
1204 2038 1316 2076 capitis

986 2081 1099 2113 Frater
1122 2083 1229 2115 Minor
1253 2088 1401 2124 gravatus

936 2127 1012 2159 Mox
1036 2131 1108 2160 voto
1134 2128 1217 2161 facto
1242 2132 1363 2164 meritis

982 2174 1041 2205 Est
1064 2176 1217 2213 praesulis
1243 2181 1378 2212 curatus.

882 2231 912 2261 3.
938 2229 1078 2268 Depulsa
1103 2231 1234 2271 caligine

985 2275 1111 2316 Longae
1135 2279 1295 2311 caecitatis

938 2322 1044 2353 Visum
1067 2324 1175 2355 reddit
1198 2324 1332 2359 feminae

983 2369 1078 2401 Pater
1102 2370 1239 2409 pietatiS.
