1650 2542
741 168 788 173 -
836 150 901 184 148
950 165 1026 175 —·

354 261 398 292 In
422 261 451 294 1.
477 262 702 293 Nocturno.

446 361 634 397 Antiphonae.

247 425 278 456 1.
302 425 391 456 Misit
411 426 552 457 Herodes
577 434 631 457 rex
655 435 762 457 manus

299 471 348 501 Ac
372 472 470 502 tenuit
494 480 734 510 praecursorem,

299 516 374 553 Quia
399 525 507 547 vecors
533 519 564 547 et
586 516 736 555 profanus

298 561 418 592 Fratris
447 563 577 593 duxerat
602 571 738 596 uxorem.

242 635 271 664 2.
299 634 452 665 Iohannes
477 635 589 666 etenim
615 636 702 673 (lixit,

296 679 376 710 Huic
400 689 461 711 non
486 689 554 712 esse
578 680 625 712 fas
648 682 763 713 habere

298 725 461 766 Coniugem
487 725 603 766 fratris,
631 728 702 758 dum
728 728 815 768 vixit,

294 771 360 801 Nec
384 780 418 802 se
443 772 491 803 illi
514 774 721 805 commiscere.

241 845 271 876 3.
298 844 449 875 Herodias
474 846 585 877 exhinc
608 847 674 878 odit

298 889 443 921 Sanctum
470 895 501 921 et
523 892 571 922 illi
595 891 715 924 foveam

298 937 432 974 Aperuit
455 940 487 967 et
511 937 625 977 effodit,

296 981 357 1012 Sed
382 982 459 1013 haec
481 983 593 1014 incidit
614 984 647 1015 in
673 993 749 1018 eam.

427 1082 630 1116 Responsoria.

237 1145 267 1175 1.
294 1144 339 1176 Ob
365 1155 474 1176 vanam
499 1148 606 1179 mundi
628 1149 757 1188 gloriam

293 1190 414 1222 Natalis
439 1201 494 1223 rex
517 1195 694 1225 memoriam

342 1236 396 1267 Sui
419 1238 520 1270 laetus
544 1240 714 1273 celebravit

293 1281 336 1312 Et
362 1281 520 1315 Galilaeae
542 1285 670 1328 iudices,

290 1327 444 1359 Tribunos
470 1332 562 1368 atque
585 1332 743 1371 principes

337 1373 387 1404 Ar]
414 1376 519 1413 epulas
543 1377 696 1409 invitavit.

225 1416 259 1448 V.
287 1418 451 1458 Principes
464 1427 672 1455 convenerunt
683 1423 718 1455 in
726 1435 829 1456 unum

294 1464 441 1497 adversus
450 1466 625 1499 Domiwum
639 1473 666 1501 ct
681 1471 828 1503 adversus

295 1507 452 1542 C'hrzstum
479 1513 553 1545 eius.

234 1582 264 1612 2.
288 1581 369 1613 Dum
392 1584 540 1617 intrasset
564 1589 705 1620 convivia

288 1627 477 1662 Herodiadis
501 1631 574 1671 filia,

337 1674 447 1706 Coram
471 1677 598 1710 Herode
622 1681 750 1712 saltavit

291 1719 333 1750 Et
356 1721 474 1759 placuit
496 1724 689 1763 principibus

291 1764 449 1805 Simulque
472 1770 730 1811 recumbentibus,

334 1811 413 1843 Tota
439 1814 545 1846 domus
571 1817 775 1853 cachinnavit.

220 1855 260 1885 V.
291 1856 447 1896 Quoniam
486 1870 539 1892 cor
570 1871 675 1894 eorum
705 1874 825 1897 vanum

292 1904 350 1942 est,
378 1911 580 1944 respexerunt
602 1909 646 1940 ad
667 1912 822 1945 vanitates

288 1951 315 1979 et
336 1949 483 1983 *insanias
506 1954 615 1992 falsas.

231 2020 261 2051 3.
285 2020 426 2053 Herodes
450 2025 557 2057 volens
581 2028 706 2065 placere

288 2067 414 2098 Puellae
438 2072 539 2111 coepit
562 2082 683 2116 vovere,

334 2113 387 2143 Illi
409 2123 536 2153 prorsus
560 2127 594 2149 se
618 2120 760 2153 daturum

286 2158 410 2199 Munus,
436 2163 638 2203 quodcunque
661 2171 798 2209 peteret3

288 2203 319 2234 Si
344 2209 462 2243 partem
487 2210 575 2248 regni
598 2214 728 2256 peteret,

334 2250 373 2281 Se
400 2261 590 2293 nequaquam
614 2262 806 2298 negaturum.

218 2296 255 2327 V.
285 2296 407 2328 Dilexit
435 2300 529 2331 verba
547 2304 822 2344 praecipitationis

287 2344 316 2373 et
341 2342 525 2382 loquebatur
547 2348 584 2380 in
605 2349 754 2391 idipsum.

1024 262 1068 293 In
1093 264 1124 294 2.
1148 262 1204 293 No
1217 265 1374 295 cturno.

1102 363 1294 398 Antiphonae.

907 437 935 468 1.
963 436 1024 467 Illa
1047 440 1178 468 matrem
1204 438 1391 477 sciscitatur,

962 482 1115 519 Quidnam
1141 488 1221 515 esset
1245 485 1399 524 petitura3

962 528 1117 560 Herodias
1143 530 1223 561 hanc
1247 530 1371 561 affatur:

959 573 1029 605 Non
1056 575 1097 605 sit
1120 576 1177 607 tibi
1202 577 1290 615 regni
1313 585 1395 607 cura.

900 648 930 678 2.
954 647 1015 678 Sed
1042 651 1134 687 caput
1157 649 1306 681 Iohannis
1329 652 1435 689 petat3

958 694 1010 724 Sic
1037 695 1148 725 mulier
1172 695 1340 734 impudica,

960 740 1037 777 Quia
1061 743 1186 772 sanctus
1211 742 1293 773 mala
1318 745 1411 783 vetat,

957 785 1070 816 Mortis
1096 787 1161 817 eius
1185 786 1221 818 fit
1244 788 1352 820 amica.

902 859 932 889 3.
959 858 1026 889 Neo
1049 861 1147 891 sensit
1170 861 1260 892 huius
1285 864 1375 902 ratio,

956 905 1204 945 Praeoccupatus
1229 917 1248 938 a
1271 911 1372 940 morte

957 951 1061 982 Iustus
1084 952 1116 983 in
1142 952 1305 993 refrigerio

955 997 1098 1028 Manebit
1125 997 1210 1030 felici
1235 1004 1328 1033 sorte.

1088 1090 1291 1125 Responsoria.

903 1153 930 1184 1.
956 1153 1064 1185 Puella
1089 1164 1160 1186 mox
1185 1158 1371 1199 regreditur,

955 1199 1058 1238 Caput
1080 1201 1228 1233 lobannis
1252 1204 1370 1242 petitur

1003 1246 1046 1278 Ut
1069 1246 1216 1279 afferatur
1239 1249 1272 1280 in
1298 1250 1393 1292 disco,

956 1291 1046 1322 Ficte
1070 1294 1172 1332 coepit
1195 1303 1251 1326 rex
1276 1296 1408 1337 tristari,

955 1337 1176 1371 Verumtamen
1197 1341 1284 1372 iubet
1309 1343 1379 1373 dari

1001 1383 1095 1421 Quasi
1119 1394 1184 1416 rem
1210 1388 1249 1418 de
1273 1397 1328 1419 suo
1353 1388 1438 1421 fisco.

885 1428 922 1459 V.
952 1428 1100 1470 Concepit
1140 1432 1280 1464 dolorem
1312 1438 1340 1466 et
1373 1436 1497 1474 peperit

956 1475 1163 1520 iniquitatem,
1188 1483 1381 1512 convertetur
1402 1482 1495 1513 dolor

953 1521 1020 1553 eius
1044 1523 1081 1553 in
1105 1528 1200 1564 caput
1222 1526 1298 1558 eius.

884 1594 915 1624 2.
940 1594 1029 1625 Tunc
1051 1596 1144 1627 misso
1168 1598 1358 1636 spiculatore

950 1640 1095 1679 Baptista
1113 1644 1271 1682 sanguinis
1296 1654 1368 1676 rore

997 1686 1080 1718 Fuso
1104 1691 1224 1725 martyr
1249 1689 1394 1729 efficitur,

949 1731 1132 1764 Decollatur
1155 1735 1188 1765 in
1213 1744 1337 1767 carcere

949 1777 1000 1808 Ab
1025 1779 1189 1818 impiorum
1214 1791 1337 1825 genere,

995 1824 1083 1856 Mors
1108 1827 1173 1857 eius
1197 1830 1445 1868 parvipenditur.

881 1868 918 1899 V.
941 1869 1137 1904 Aestimatus
1181 1876 1225 1905 cst
1260 1885 1332 1907 cum
1367 1877 1490 1909 descen-

948 1915 1090 1949 dentibus
1113 1919 1150 1950 in
1175 1920 1289 1963 laeum,
1317 1921 1423 1963 factus
1449 1926 1493 1956 est

948 1962 1031 1994 sicut
1054 1964 1145 1996 homo
1168 1967 1237 1997 sinc
1261 1968 1432 2002 adiutorio.

891 2035 921 2066 3.
948 2034 1025 2067 Cum
1049 2039 1220 2076 accepisset
1246 2041 1351 2078 puella

950 2081 1052 2120 Caput
1075 2084 1172 2114 latum
1196 2086 1226 2115 in
1253 2088 1393 2130 scutella,

995 2127 1093 2159 Dedit
1115 2130 1195 2164 illud
1220 2133 1311 2164 matri
1335 2143 1429 2173 suae3

946 2172 1021 2210 Ipsa
1044 2175 1127 2206 laeta
1151 2185 1208 2214 pro
1231 2187 1359 2211 munere

949 2218 1017 2250 Non
1044 2222 1165 2253 curavit
1190 2224 1228 2254 de
1253 2226 1372 2257 scelere

994 2265 1104 2305 Neque
1129 2268 1168 2299 de
1193 2268 1298 2302 futura
1322 2273 1382 2305 lue.

880 2311 917 2341 V.
947 2310 1035 2342 Nam
1051 2312 1210 2346 hominem
1225 2317 1383 2350 iniustum
1399 2321 1489 2353 mala

948 2358 1072 2396 capient
1098 2360 1133 2391 in
1156 2362 1296 2399 interim.
