1650 2542
317 231 367 262 Ex
391 236 479 263 utero
503 233 611 264 matris

362 287 381 308 a
403 278 470 309 Deo
494 281 688 318 praeelectus

315 323 472 362 Regalem,
498 333 559 363 qua

362 370 510 408 pollebat,
534 371 709 401 libertatem

315 415 366 446 Ad
391 416 472 454 regis
497 417 615 447 aeterni

362 462 518 492 transtulit
540 462 710 495 servitium.

244 505 280 537 V.
311 507 478 537 Intendens
507 509 632 538 summis

361 553 494 583 animum
519 554 690 592 puerilibus
715 555 814 587 annis,

256 608 286 638 2.
311 607 398 638 Inter
420 616 565 646 proceres
589 611 676 648 regni

356 656 479 685 sanctus
500 657 621 694 martyr

309 698 505 731 Famulatum

355 754 524 785 exsequens
547 746 607 778 Dei

310 791 370 822 Per
393 800 502 823 sacrae
525 793 663 824 iustitiae

353 837 599 870 observationem

239 883 276 913 V.
308 882 481 915 Gloriosam
504 886 618 916 meruit

354 930 502 961 virtutum
527 932 748 970 operationem.

251 985 281 1016 3.
310 985 513 1017 Venerandae
535 987 649 1019 indolis

307 1031 390 1062 Puer
415 1033 582 1064 condolens
605 1034 743 1072 torqueri

307 1077 442 1108 Vexatos
465 1078 684 1110 miserabiliter

308 1122 416 1153 Oravit
437 1126 468 1154 et
492 1125 632 1156 exoravit

306 1167 450 1200 Liberari
473 1170 658 1202 mirabiliter

236 1213 272 1245 V.
302 1214 458 1253 Expansis
482 1216 515 1246 in
540 1217 657 1248 caelum
682 1219 821 1250 manibus

303 1260 346 1290 Et
368 1261 603 1293 lacrimabiliter

303 1305 456 1339 Surrectis
479 1308 655 1341 luminibus,

362 1436 406 1467 In
432 1438 462 1469 2.
491 1437 714 1471 Nocturno.

439 1509 629 1544 Antiphonae.

245 1563 274 1594 1.
301 1563 377 1595 Ortu
398 1565 511 1602 pusioli

345 1610 500 1642 laetantur
525 1615 635 1643 cuncta
658 1613 763 1646 Livini

299 1655 367 1687 Nec
390 1656 480 1688 laetis
504 1658 660 1690 hominum

347 1702 492 1733 dissentit
515 1705 617 1744 gratia
640 1714 752 1737 rerum.

242 1757 273 1787 2.
298 1756 451 1797 Tempore
474 1758 622 1798 baptismi

344 1812 488 1843 proceres
509 1814 577 1836 cum
593 1807 735 1848 principe
751 1810 838 1848 regni

297 1849 399 1880 Fonte
421 1850 527 1883 levant
549 1861 688 1893 puerum,

342 1904 399 1927 nec
417 1896 492 1928 defit
507 1898 545 1929 ab
564 1899 689 1931 aethere
705 1901 834 1941 signum.

238 1951 268 1983 3.
291 1950 411 1982 Dextra
434 1955 655 1993 superveniens

343 1998 434 2029 adest
455 2008 585 2038 puerum
608 2001 806 2044 benedicens,

295 2043 318 2075 Ο
344 2052 434 2082 quam
456 2045 564 2077 felices

343 2091 421 2121 tanti
445 2093 543 2130 prolis
567 2094 730 2133 genitores.

426 2164 628 2199 Responsoria.

236 2218 264 2249 1.
291 2218 488 2261 Compatiens
513 2222 626 2253 nutrici

339 2265 501 2297 clementia
525 2268 742 2312 adulescentis,

290 2312 483 2351 Ingredienti

338 2359 418 2391 viam
443 2360 607 2392 universae
631 2363 742 2404 carnis,

857 141 924 175 254
971 160 1017 166 -ν-

981 234 1063 266 Dum
1088 236 1188 277 adest,

1030 281 1083 312 ubi
1106 281 1189 312 iacet
1209 282 1411 319 conclamata,

981 328 1048 359 Iam
1073 330 1193 359 euntem
1218 331 1346 359 revocat
1371 336 1398 354 ι·-

1026 373 1065 405 ab
1091 374 1200 405 inferis
1226 375 1268 406 ad
1292 383 1439 414 superna.

914 419 949 451 V.
979 420 1068 452 Inter
1093 419 1241 453 deflentes

1026 467 1189 505 appellans
1212 467 1325 498 iudicis
1350 476 1441 498 aures

980 511 1128 543 Perfusus
1152 513 1289 545 lacrimis

1027 559 1100 590 dum
1124 560 1238 590 transit
1262 560 1380 591 caelica
1403 560 1493 593 votis.

922 615 953 646 2.
979 613 1099 645 Fidelis
1124 614 1243 646 Christi
1266 623 1373 646 servus

1025 660 1135 699 angelo
1159 663 1331 699 praeeunte

978 706 1141 738 Deductus
1167 707 1254 745 quasi
1278 705 1386 738 florem

1025 761 1093 783 cum
1116 753 1256 791 gramine

976 798 1163 837 Camporum

1018 845 1161 875 inmersis
1185 845 1319 883 pedibus

974 890 1217 930 Supergreditur

1019 946 1105 969 mare
1128 938 1346 976 procellosum.

903 984 941 1016 V.
974 985 1038 1021 Quo
1062 984 1176 1015 transit
1199 987 1324 1015 sanctus

1018 1032 1105 1061 tanto
1130 1030 1259 1061 ductore
1280 1030 1420 1073 Livinus‚

971 1076 1065 1109 Unda
1089 1076 1180 1114 iacet,
1206 1085 1268 1107 non
1292 1085 1371 1108 aura
1394 1081 1495 1120 nocet,

1016 1122 1119 1161 liquor
1143 1122 1245 1153 invius
1271 1123 1388 1155 haeret.

914 1178 943 1209 3.
972 1176 1124 1208 Sacerdos

1015 1222 1074 1253 Dei
1098 1223 1238 1261 Livinus‚

969 1267 1145 1300 Pontificali
1170 1270 1319 1301 cathedra

1015 1314 1207 1357 sublimatus,

967 1360 1050 1392 Dum
1074 1361 1248 1401 susciperet

1013 1409 1151 1438 sanctam
1176 1407 1437 1448 benedictionem,

966 1453 1094 1484 Intonat
1116 1454 1156 1485 ad

1014 1499 1078 1530 eius
1102 1499 1334 1538 probationem:

898 1543 933 1578 V.
962 1544 1059 1583 Ecce,
1091 1546 1236 1578 sacerdos
1269 1555 1424 1586 maynus,
1459 1547 1515 1585 qm:

966 1591 1003 1621 in
1039 1592 1146 1623 diebus
1179 1593 1246 1624 suis
1281 1593 1407 1631 placuit
1441 1593 1511 1625 Deo

966 1638 995 1667 et
1016 1638 1163 1670 inventus
1188 1640 1233 1670 est
1255 1639 1367 1671 iustus.

1021 1720 1066 1751 In
1092 1723 1122 1754 3.
1149 1721 1380 1754 Nocturno.

1105 1789 1297 1825 Antiphonae.

907 1839 937 1873 1.
964 1838 1094 1872 Sanctus
1118 1841 1249 1873 Livinus

1008 1887 1154 1926 populari
1178 1888 1273 1920 laude
1296 1893 1434 1922 remotus

962 1932 1079 1964 Terrea
1102 1936 1176 1965 vota
1199 1933 1281 1974 fugit

1011 1982 1042 2010 et
1063 1980 1146 2011 celsa
1169 1981 1289 2019 palat-ia
1312 1983 1443 2020 spernit.

904 2034 935 2064 2.
961 2034 1049 2066 Inter
1074 2035 1198 2066 deserta

1010 2081 1080 2111 loca
1103 2081 1221 2113 cunctis
1242 2081 1327 2113 invia
1350 2082 1450 2114 silvae

962 2126 1122 2157 Silvestris
1146 2127 1245 2158 victus

1007 2174 1130 2203 teneros
1156 2172 1335 2210 depascitur
1359 2177 1457 2208 artus.

905 2228 934 2259 3.
959 2227 1108 2258 Turbavit
1134 2228 1222 2266 regni

1006 2271 1116 2304 faciem
1142 2273 1289 2306 discessio
1314 2278 1424 2317 sancti,

959 2318 1027 2349 Rex
1050 2319 1234 2350 accersitum

1004 2366 1117 2404 monet,
1143 2369 1214 2398 orat
1235 2367 1348 2408 degere
1371 2378 1485 2404 secum.
