1650 2542
246 227 277 256 4.
303 225 394 256 Nunc
418 223 495 254 bene
517 230 583 252 cum
607 220 722 251 sanctis

225 462 387 489 Gebennen.
408 461 474 494 imp.
498 458 659 486 Gebennen.
681 454 760 483 1556.
781 455 813 481 B.
828 469 857 473 —
875 454 916 480 1n
939 452 962 480 1.
982 454 1086 488 Vesp.
1107 452 1143 479 ad
1162 452 1251 487 Magn

342 270 453 301 chorus
461 269 513 299 hic
521 267 653 299 Domino
661 264 831 302 benedixit,

296 316 452 348 Luxuriae
474 313 610 345 flammas

339 362 521 402 insuperare
545 359 656 397 coepit.

903 217 933 248 5.
959 215 1067 254 Regna
1091 222 1225 252 superna
1248 211 1348 243 Deum

1007 260 1184 292 collaudant
1210 261 1241 289 ct
1265 259 1464 295 venerantur,

958 307 1054 345 Quem
1078 313 1199 345 quoque
1224 313 1291 335 eum
1316 303 1432 335 sanctis

1008 355 1119 384 cuncta
1144 354 1248 382 creata
1272 353 1395 382 canunt.

300 425 382 450 Brev.
403 431 454 449 ms.
476 422 662 449 Grebennense
681 427 754 446 saec.
778 416 819 444 15.
853 417 921 444 Cod.
936 417 1059 443 Pal-isin.
1082 413 1162 443 1318.
1177 415 1211 441 A.
1226 428 1261 432 —
1275 414 1359 440 Brev.
1378 412 1406 439 S.
1420 412 1499 439 Petri

1253 471 1259 476 .
1275 449 1306 482 Α,
1326 448 1346 477 4
1360 450 1416 483 Qui
1434 457 1498 476 eon-

224 499 320 525 iunxit
333 500 361 523 et
373 497 406 522 A.
420 509 457 514 —
468 496 554 522 Invit.
569 493 586 522 3
604 494 748 521 Iubilantc
765 493 797 518 A.
820 505 851 509 —
875 491 940 517 Alle
959 492 997 517 im
1018 489 1228 517 vorstehenden
1248 487 1399 515 fehlenden
1418 486 1499 513 Teilc

224 535 287 562 sind
308 532 457 569 prosaisch
479 532 626 566 abgefasst.

239 829 269 862 1.

235 1967 272 1999 R.

643 620 672 649 4.
705 619 747 649 De
767 617 871 648 sancto
893 615 1068 646 Eustachio.

363 691 407 722 In
434 690 464 721 1.
491 689 595 727 Vesp
607 688 700 718 eris.

435 770 612 805 Antiphonav

296 829 319 860 O
345 827 504 859 laudanda
532 826 653 857 bonitas

342 873 450 905 Nostri
476 871 694 910 redemptoris,

298 920 321 952 O
346 919 490 950 miranda
513 918 642 956 novitas,

342 965 417 996 Veri
441 966 561 1003 signum
587 963 710 1001 amoris,

297 1012 383 1049 Quod
405 1010 528 1041 vocavit
551 1009 712 1041 Placidum

344 1057 411 1088 Sibi
436 1055 698 1095 complacendum,

303 1103 388 1134 Dans
413 1111 490 1141 opus
515 1102 574 1132 sibi
599 1101 737 1132 validum

344 1149 484 1179 Fortiter
508 1148 670 1187 agendum.

302 1204 417 1235 Lumen
442 1203 544 1234 adhuc
566 1202 707 1232 nesciens

348 1249 478 1280 Lumine
502 1248 662 1287 processit,

302 1296 416 1335 Egenis
440 1296 545 1333 largus
569 1294 705 1332 largiens

347 1343 498 1373 Futurum
521 1341 584 1371 iam
608 1340 770 1378 expressit.

270 1420 277 1428 .
304 1397 414 1427 Militis
438 1395 605 1426 strenuitas

346 1443 382 1473 In
407 1450 440 1473 se
467 1450 528 1473 uon
546 1439 671 1477 obfecit,

302 1487 364 1519 Per
389 1497 479 1528 quam
506 1487 622 1519 Christi
647 1486 760 1517 caritas

349 1534 503 1565 Fideliter
526 1532 671 1572 perfecit.

303 1589 452 1620 Venando
477 1597 600 1619 cervum
627 1589 747 1627 eapitur

347 1635 409 1666 Hic
428 1635 560 1666 Domino
585 1637 727 1673 venante,

303 1681 395 1713 Hunc
421 1682 492 1712 dum
517 1689 577 1712 vox
602 1681 770 1719 alloquitur

348 1727 447 1759 Cruee
471 1729 666 1758 coruscante:

269 1807 276 1814 .
302 1783 363 1815 Cur
387 1791 436 1813 me
460 1781 560 1823 fugas,
587 1782 738 1814 Placide?

349 1828 426 1868 Ego,
452 1837 539 1867 quem
565 1829 699 1869 ignoras,

304 1874 375 1906 Sum
402 1874 558 1914 Christus,
598 1875 647 1905 cui
676 1875 841 1914 splendide

350 1921 413 1952 Res
438 1924 506 1952 tuas
532 1921 704 1953 dividebas.

303 1967 366 1998 Ivit
389 1969 533 1998 venatum

349 2013 495 2044 Placidus
516 2013 577 2044 sibi
595 2014 751 2052 prendere
771 2024 840 2054 gra—

620 2062 694 2097 tum,

306 2105 467 2143 Conspicit
490 2105 605 2136 elatum

351 2159 475 2182 cervum
500 2159 591 2181 cruce
614 2151 829 2195 significatum,

306 2196 456 2229 Cornibus
480 2197 619 2227 innixum

351 2243 441 2273 simul
465 2243 588 2281 aspexit
613 2244 811 2285 orucifixum3

267 2314 273 2320 .
301 2289 478 2328 Insequitur
503 2297 636 2330 cervum,

349 2336 469 2367 nullum
492 2336 613 2367 socians
631 2336 692 2367 sibi
708 2346 840 2372 servum.

1074 683 1119 709 Ad
1137 682 1312 717 Magnificat.

889 740 927 770 A.
957 737 1192 778 Magnificemus
1217 738 1385 769 Dominum

959 785 1003 816 Et
1018 785 1178 815 laudemus
1198 793 1267 814 eum
1281 784 1318 814 ob
1334 784 1498 823 gloriosam

960 831 1136 870 Martyrum
1161 831 1332 868 victoriam,

959 878 995 908 In
1022 885 1150 915 quorum
1174 877 1288 916 gaudet
1312 884 1439 906 numero

960 923 1147 954 Eustachius
1174 931 1240 953 cum
1266 931 1320 953 suo
1347 921 1489 961 collegio,

961 969 1018 1006 Qui
1043 978 1100 1007 pro
1125 969 1214 1002 nobis
1236 969 1267 999 in
1295 968 1389 999 caelis

963 1015 1039 1047 Oret
1063 1015 1245 1054 degentibus
1268 1015 1301 1045 in
1327 1014 1429 1045 terris.

1023 1126 1084 1157 Ad
1114 1126 1374 1157 Matutinum,

1089 1199 1302 1225 Invitatorium.

963 1255 1085 1295 Venite,
1110 1257 1170 1285 rite
1193 1253 1365 1294 vigilemus,

963 1301 1063 1332 Deum
1088 1304 1228 1332 nostrum
1253 1304 1285 1331 et
1308 1301 1470 1331 laudemus

1010 1347 1173 1379 Eustachii
1199 1348 1348 1378 memoria

1011 1393 1221 1432 Sollemnique
1245 1393 1386 1425 victoria.

1027 1505 1071 1536 ln
1099 1506 1128 1537 1.
1156 1505 1377 1537 Nocturno.

1111 1578 1302 1613 Antiphonae.

934 1661 941 1668 .
966 1635 1082 1666 Beatus
1108 1635 1156 1665 vir
1182 1643 1250 1664 cum
1277 1635 1406 1673 coniuge

1012 1681 1161 1712 Placidus
1187 1681 1282 1719 elegit

966 1728 1057 1759 Viam
1082 1736 1197 1765 veram,
1223 1736 1315 1766 quam
1339 1727 1444 1758 sobrie

1011 1774 1146 1813 Riteque
1169 1774 1300 1813 peregit.

934 1856 940 1862 .
968 1830 1070 1868 Quare
1089 1828 1224 1860 frement
1247 1828 1412 1868 pericula?

1014 1876 1093 1914 Quia
1117 1875 1234 1907 Christi
1258 1876 1347 1907 miles

967 1922 1060 1954 Vitae
1084 1924 1221 1961 suscepit
1246 1923 1372 1962 piacula

1015 1969 1122 2000 Cultus
1147 1969 1323 2007 spernendo
1345 1970 1434 2003 viles.

937 2048 943 2054 .
970 2025 1047 2056 Cum
1070 2024 1231 2054 invocaret
1251 2023 1429 2066 Dominum,

1014 2070 1117 2109 lpsum
1137 2070 1184 2100 sic
1200 2068 1341 2102 adfatur:

968 2117 1014 2147 Te
1038 2115 1106 2146 fore
1132 2116 1222 2146 decet
1243 2117 1376 2149 alterum

1014 2162 1081 2202 Iob,
1108 2162 1167 2192 hoe
1191 2162 1377 2197 adtestatur.

1101 2234 1304 2270 Responsoria.

912 2293 941 2324 1.
970 2292 994 2323 O
1020 2289 1098 2321 felix
1122 2291 1288 2329 promissio

1017 2337 1248 2376 Omnipotentis
1273 2338 1343 2379 Dei,
