1650 2542
391 225 436 255 In
459 222 684 255 Laudibus.

442 314 630 350 Antiphonae.

246 382 275 414 1.
301 381 449 412 Dominus
477 380 617 419 regnavit

348 426 512 458 Cantemus
535 425 704 464 iubilando,

301 473 358 510 Qui
382 481 437 503 nos
462 471 599 510 expiavit

345 519 467 550 Patrem
494 516 699 555 deprecando.

244 584 275 613 2.
299 581 409 613 Iubilis
433 581 465 612 in
488 581 627 620 mysticis

343 629 486 666 prompte
509 627 714 666 imprimatur,

298 673 357 704 Per
381 681 469 711 quem
493 681 579 703 mens
603 673 715 704 devota

344 719 435 757 digne
461 719 633 752 decoratur.

240 785 271 816 3.
296 783 390 822 Deus,
416 783 499 814 Deus
523 791 617 822 meus,

341 829 424 867 patri
455 830 661 868 decantemus,

298 875 373 907 Cum
398 875 513 906 sanetis
537 875 677 914 patribus

341 929 464 960 semper
487 921 658 960 vigilemus,

240 987 270 1018 4.
295 986 481 1017 Benedictus
505 988 604 1024 pater,
630 995 685 1017 ora

341 1034 374 1062 tu
399 1040 455 1070 pro
479 1032 568 1064 nobis
589 1031 697 1070 Deum,

297 1077 426 1116 Semper
449 1086 504 1108 nos
530 1078 716 1116 custodiens,

341 1126 375 1154 ut
399 1123 533 1154 colamus
556 1132 633 1155 eum.

239 1189 269 1220 5.
296 1187 440 1218 Laudent
462 1187 561 1218 Deum
587 1188 674 1227 caeli,

342 1233 469 1271 spiritus
492 1234 643 1264 iustorum

294 1279 338 1310 Et
361 1279 512 1310 Iohannes
536 1280 660 1310 inclitus

339 1325 371 1355 in
399 1328 486 1355 coetu
509 1325 679 1357 beatorum.

407 1424 452 1450 Ad
470 1425 649 1452 Benedictus.

224 1491 262 1523 A.
293 1489 317 1521 O
343 1490 428 1520 SlduS
454 1490 611 1530 caelieum,

338 1534 394 1565 flos
425 1536 585 1575 castitatis,

291 1581 394 1612 Decus
417 1582 619 1624 innocentiae,

337 1627 390 1657 lux
413 1628 568 1667 puritatis,

290 1672 357 1704 Lex
380 1674 588 1711 paenitentiae

336 1721 365 1749 et
390 1719 526 1759 pietatis,

293 1763 441 1795 Conforta
464 1774 530 1804 nos,

336 1810 499 1850 Iohannes,
525 1812 634 1850 gratia.

396 1948 472 1980 Per
496 1949 640 1982 Horas.

426 2039 470 2065 Ad
489 2040 622 2067 Primam.

220 2103 259 2134 A.
288 2103 423 2134 Primum
450 2107 570 2143 tempus
596 2107 697 2145 agitur

333 2149 369 2180 In
395 2152 604 2191 conversione,

831 127 898 162 174
944 146 988 151 -

967 220 1041 252 Cum
1067 219 1161 251 Satan
1187 219 1355 259 expellitur

1010 266 1127 298 Fracta
1153 266 1304 298 cautione.

1099 339 1145 366 Ad
1163 340 1299 367 Tertiam.

893 396 932 430 A.
961 396 1101 427 Tertium
1125 396 1312 435 expenditur

1011 443 1150 474 Virtutes
1175 442 1356 481 excolendo,

959 489 1064 528 Atque
1088 497 1163 519 crux
1187 489 1385 528 amplectitur

1007 535 1118 566 Totum
1143 544 1177 566 se
1201 535 1352 567 vovendo.

1101 607 1145 634 Ad
1163 607 1289 635 Sextam.

892 664 932 695 A.
964 662 1061 696 Sexta
1084 664 1162 695 hora
1186 664 1314 695 radians

1008 710 1162 741 Ascendit
1184 710 1230 742 sol
1254 711 1286 741 in
1312 713 1462 750 centrum,

962 755 1089 787 Lucifer
1112 756 1280 795 expellitur

1005 803 1050 834 Et
1069 811 1158 834 suum
1181 801 1369 842 figmentum.

1104 875 1149 902 Ad
1167 876 1288 903 Nonam.

891 932 930 963 A.
960 931 1051 962 Nona
1075 930 1189 963 festum
1215 933 1310 963 coluit

1005 977 1049 1009 Et
1073 979 1226 1009 cumulum
1247 979 1408 1018 virtutum,

960 1023 993 1055 Si
1018 1024 1198 1056 daemonem
1223 1025 1388 1064 expulerit,

1005 1070 1062 1109 Qui
1087 1069 1164 1102 facit
1185 1079 1306 1103 servum
1332 1073 1459 1105 mutum¹

1021 1181 1065 1212 In
1091 1183 1121 1214 2.
1149 1182 1255 1220 Vesp
1268 1183 1362 1215 eris.

1097 1254 1288 1289 Antiphonae.

903 1309 934 1342 1.
962 1308 1077 1348 Fulget
1100 1311 1249 1348 splendor
1274 1312 1480 1350 vespertinus,

956 1355 1078 1387 Firmat
1104 1357 1197 1388 decor
1222 1358 1407 1389 caelestinus

1007 1401 1042 1432 In
1068 1403 1169 1441 gratia
1194 1405 1226 1434 et
1248 1403 1358 1442 gloria.

902 1457 931 1486 2.
962 1456 1017 1487 Vir
1042 1456 1151 1489 beatus
1174 1461 1268 1497 atque
1291 1459 1431 1497 prudens

957 1501 1005 1533 Sit
1028 1503 1152 1535 adiutor
1176 1508 1270 1544 atque
1295 1505 1410 1536 ducens

1001 1549 1054 1580 Ad
1078 1558 1213 1588 superna
1236 1552 1359 1591 gaudia.

900 1605 929 1636 3.
957 1604 1037 1635 Solis
1062 1607 1148 1636 ortus
1172 1606 1281 1637 laudet
1304 1605 1416 1646 Deum,

957 1651 1016 1688 Qui
1040 1651 1173 1682 salvavit
1194 1655 1316 1691 patrem
1340 1661 1459 1693 verum,

955 1697 1130 1735 Antequam
1156 1696 1307 1729 formaret
1331 1707 1410 1731 eum.

897 1752 929 1783 4.
957 1750 1160 1783 Collaudatur
1183 1761 1258 1792 gens
1281 1754 1403 1794 Italica,

953 1796 1052 1828 Facta
1076 1800 1123 1829 est
1145 1798 1287 1840 mirifica,

954 1843 991 1874 In
1015 1845 1101 1875 tanto
1126 1849 1217 1883 patre
1240 1846 1386 1878 beatifica

998 1890 1169 1929 Reciprooo
1196 1892 1333 1927 dulcore.

1074 1964 1118 1990 Ad
1136 1964 1311 2000 Magnificat.

885 2020 925 2051 A.
956 2020 1023 2051 Rex
1048 2023 1183 2059 aeterne,
1211 2021 1319 2059 doctor
1341 2022 1430 2062 lueis,

952 2065 1063 2105 Dirige
1086 2066 1202 2097 virtute
1231 2068 1331 2098 erucis

953 2112 1151 2151 Adoptionis,
1178 2122 1253 2151 quos
1278 2115 1396 2145 vocasti

954 2158 1014 2188 Per
1036 2158 1215 2199 Iohannem,
1242 2168 1332 2199 quem
1357 2162 1496 2194 salvasti.

291 2231 373 2258 Brev.
399 2241 450 2259 ms.
475 2233 503 2260 S.
528 2234 678 2262 Trinitatis
707 2238 737 2263 in
755 2238 878 2273 Alpibus
899 2240 967 2266 anni
990 2238 1069 2267 1455.
1113 2240 1180 2267 Cod.
1200 2242 1387 2271 Laurentian.
1408 2244 1497 2272 Conv-

222 2277 279 2302 :up.
309 2267 371 2295 512.
398 2270 431 2296 A.
462 2285 499 2289 -—
529 2271 611 2298 Brev.
644 2281 696 2299 ms.
721 2274 990 2303 Vallumbrosauum
1026 2285 1099 2304 saec.
1130 2277 1173 2304 15.
1217 2279 1285 2306 Cod.
1310 2281 1497 2309 Laurentian.

218 2305 305 2332 Conv.
326 2315 387 2341 sup.
407 2305 470 2334 457.
484 2308 516 2334 B.
538 2322 573 2326 —
594 2309 635 2335 In
657 2308 680 2336 1.
700 2310 804 2347 Vesp.
826 2312 844 2337 Α
867 2311 890 2344 1,
911 2311 928 2339 2
942 2314 1109 2341 Praeclarus
1125 2316 1159 2342 A.
1182 2330 1220 2334 —
1239 2317 1258 2342 Α
1276 2316 1303 2351 4,
1327 2316 1344 2345 3
1364 2319 1498 2354 Spei-nite

216 2343 250 2369 A.
275 2357 309 2361 —
337 2343 356 2368 Α
377 2341 403 2377 4,
424 2342 443 2371 4
460 2345 559 2373 Vivite
577 2345 610 2372 A.
635 2362 670 2367 —
701 2347 740 2373 ΑΑ
760 2357 845 2384 super
866 2350 913 2377 Ps.
934 2350 1028 2378 fehlen
1047 2351 1078 2377 B.
1101 2366 1138 2370 —
1168 2353 1210 2380 In
1232 2352 1255 2380 1.
1276 2356 1374 2382 Noet.
1396 2355 1414 2382 Α
1434 2354 1462 2391 2,
1483 2355 1498 2384 1
