1650 2542
299 214 357 252 Qui
381 215 437 246 sub
463 219 525 248 tam
547 216 636 249 brevi
660 219 790 250 termino

343 260 492 293 Feliciter
519 267 745 295 consummatus

344 307 436 339 Vivet
460 317 582 347 semper
605 310 761 341 laureatus

299 352 341 383 Et
365 354 514 392 gaudebit
536 355 569 386 in
594 355 724 387 Domino

344 399 468 430 Nullam
492 400 603 431 timens
627 402 779 433 iacturam
788 415 796 443 3

963 220 1026 251 Pro
1055 219 1144 251 nobis
1170 221 1235 252 Deo
1260 221 1414 260 supplica,

966 265 1078 297 Sancte
1102 270 1230 309 martyr,
1257 270 1288 298 et
1311 267 1444 298 vendica

1010 311 1176 343 Laetitiam
1201 312 1354 354 futuram3

966 358 990 389 Ο
1016 367 1107 397 quam
1132 358 1208 390 felix
1235 360 1429 399 martyrium,

966 404 1053 442 (guod
1079 414 1228 438 summum
1251 406 1337 445 parit
1350 406 1506 445 gaudium.

303 470 369 497 Cod.
398 470 558 499 Bruxellen.
582 472 629 506 (ol.
656 475 684 502 S.
711 476 861 502 Laurentii
889 476 1036 510 Leodien.)
1063 476 1217 505 9332—46.
1243 487 1317 505 saec.
1343 477 1385 505 14.
1412 494 1448 497 —
1472 479 1508 505 In

229 506 283 533 den
302 507 415 534 Laudes
436 508 508 535 fehlt
527 511 590 537 eine
609 510 763 547 Antiphon.
803 512 823 538 Α
847 512 860 539 1
885 513 957 549 folgt
975 515 1005 540 in
1026 514 1075 541 der
1094 515 1146 542 Hs.
1167 516 1296 543 zweimal
1320 515 1508 543 unmittelbar

229 543 450 571 nacheinancler.

646 645 690 676 83.
725 645 767 677 De
787 648 892 679 sancto
913 648 1089 680 Laurentio.

368 719 413 750 ln
439 720 468 751 1.
493 720 707 760 Vesperis.

437 801 628 836 Antiphonae.

242 865 272 897 1.
298 865 423 905 Martyr
446 866 507 898 Dei
531 867 718 899 Laurentius

299 912 369 942 Non
395 921 467 943 ense
491 914 666 952 praecinxit
691 915 781 957 latus,

299 958 415 989 Tamen
445 959 520 990 vicit
545 960 701 991 diabolum

299 1003 453 1043 Superbia
472 1007 710 1044 praetumidum.

242 1079 272 1110 2.
297 1077 374 1108 Tam
397 1078 510 1109 nobilis
535 1080 666 1111 victoria

298 1124 335 1155 In
359 1124 474 1155 sanctis
500 1125 616 1157 Christi
640 1125 761 1166 fulgida

297 1170 483 1201 Humilitate
508 1171 648 1211 discitur,

298 1215 434 1247 Caritate
462 1216 632 1256 perficitur.

241 1291 271 1322 3.
298 1290 385 1321 Haec
408 1291 543 1322 animum
567 1292 729 1324 Laurentii

295 1337 483 1368 Perstrinxit
505 1338 577 1377 igne
600 1337 684 1378 fidei,

296 1382 366 1413 Non
391 1383 507 1414 sentire
529 1385 669 1422 pericula

298 1428 436 1459 Adustae
461 1430 562 1460 carnis
586 1432 702 1470 gravia.

910 727 940 758 4.
967 726 1029 756 Per
1050 726 1130 757 hanc
1146 727 1340 766 triumphant
1355 731 1509 767 martyres

968 771 1117 803 Caelestis
1142 773 1232 803 aulae
1257 774 1407 813 consules,

967 817 1056 848 Haec
1080 822 1205 849 cunctos
1230 819 1330 859 iungit
1350 820 1484 853 Domino

966 863 1025 894 Dei
1051 865 1151 902 patris
1175 865 1208 896 in
1232 865 1319 898 soh'o.

911 920 940 949 5.
967 918 1055 949 Haec
1077 928 1133 950 nos
1159 920 1261 951 choris
1285 922 1469 955 caelestibus

966 963 1117 996 Conciliet
1140 967 1294 1009 operibus,

966 1010 1037 1041 Iesu
1063 1011 1141 1043 duce
1165 1013 1333 1044 Laurentio

965 1056 1129 1089 Fruituros
1153 1062 1316 1098 perpetuo.

896 1111 934 1142 R.
964 1112 1089 1151 Martyr
1113 1114 1253 1154 odorose,

1010 1167 1081 1189 rosa
1097 1168 1239 1199 vernans,
1257 1162 1344 1200 pugil
1357 1163 1506 1202 speciose,

963 1204 1094 1235 Munere
1120 1206 1212 1244 digne
1235 1207 1305 1245 Dei,

1008 1250 1076 1281 laus
1102 1259 1134 1281 es
1158 1252 1248 1283 istius
1275 1253 1345 1295 diei,

964 1296 1073 1328 Victor
1097 1297 1151 1328 ubi
1174 1299 1301 1338 gaudes,

1011 1341 1145 1374 Cantant
1159 1345 1237 1375 caeli
1250 1346 1374 1384 agmina
1387 1346 1506 1387 laudes,

893 1388 929 1420 V.
961 1388 1080 1419 Nomen
1104 1390 1201 1421 habes
1225 1391 1314 1429 lauri,

1009 1436 1133 1475 purgati
1154 1435 1258 1476 fulgor
1283 1446 1315 1469 es
1340 1439 1417 1469 auri.

301 1501 382 1527 Brev.
402 1501 684 1530 P1·aemonstratens·.>
709 1505 776 1539 imp.
796 1506 916 1533 Parisiis
938 1505 1018 1534 1598.
1043 1523 1080 1527 -—
1103 1508 1160 1535 Mit
1177 1509 1342 1537 Ausnahme
1367 1511 1416 1538 des
1444 1520 1508 1538 vor-

229 1536 384 1564 stvhenden
407 1539 462 1565 wie
486 1539 537 1566 das
562 1541 759 1575 gewehnliohe
777 1544 942 1577 prosaische
965 1544 1097 1572 Officium
1118 1545 1167 1573 des
1188 1547 1333 1582 Heiligen.
1373 1549 1429 1576 Die
1448 1549 1513 1575 ffinf

230 1572 275 1599 ΑΑ
296 1574 346 1601 der
363 1575 473 1610 Vesper
492 1576 640 1604 vielleicht
658 1578 751 1605 einem
770 1580 904 1614 Hymnus
925 1581 1061 1608 entlehnt.

636 1686 683 1716 84.
712 1687 755 1717 De
776 1688 880 1718 sancto
901 1688 1089 1720 Leonhardo.

365 1760 409 1790 In
435 1760 465 1793 1.
492 1760 705 1800 vesperis.

405 1831 497 1867 Super
515 1834 656 1862 Psalmos.

225 1887 264 1920 A.
293 1888 391 1919 Beate
416 1888 574 1922 confessor
599 1892 726 1932 Christi,

293 1934 488 1975 Leonharde,
513 1945 594 1976 ecee,
620 1947 730 1970 nomen

294 1980 392 2011 Tuum
417 1980 517 2021 fulget
540 1992 597 2022 per
621 1986 745 2017 saecula

294 2026 431 2057 Petimus
457 2036 539 2069 ergo,
565 2033 599 2060 ut
623 2031 684 2061 tuis

295 2071 398 2102 Sacris
423 2074 568 2111 precibus
593 2084 766 2108 mereamur

293 2117 447 2149 Adiuvari
471 2128 490 2149 a
512 2120 653 2152 Domino.

224 2191 260 2222 R.
292 2190 422 2222 Sanctus
447 2195 537 2230 pater
561 2194 775 2236 Leonhardus,

339 2238 411 2269 Iesu
436 2237 554 2269 Christi
577 2239 720 2282 famulus,

292 2284 459 2322 Postquam
482 2283 571 2317 fulsit
592 2287 624 2317 in
648 2288 708 2319 hac
728 2290 794 2321 vita

340 2330 436 2369 signis
462 2333 494 2362 et
517 2332 695 2376 virtutibus,

963 1766 1068 1797 Hodie
1090 1767 1123 1798 in
1148 1777 1244 1808 regno
1268 1770 1328 1801 Dei

1007 1814 1129 1845 iunctus
1155 1818 1203 1847 est,
1227 1817 1424 1857 caelestibus,

897 1859 930 1889 V.
962 1859 1093 1891 Placens
1118 1860 1185 1893 Deo
1211 1861 1312 1894 factus
1339 1864 1481 1898 dilectus.

1081 1924 1127 1951 Ad
1146 1926 1322 1961 Magnificat.

891 1970 930 2001 A.
960 1970 1072 2002 Inclita
1098 1971 1181 2003 festa
1206 1974 1400 2005 celebrantes

962 2016 1051 2047 Beati
1075 2017 1265 2059 Leonhardi,

963 2061 1121 2094 Christum
1145 2072 1307 2095 exoremus
1332 2074 1447 2106 regem,

958 2109 1002 2141 Ut
1027 2113 1190 2140 conservet
1212 2119 1301 2143 suum
1322 2121 1456 2152 gregem.

1018 2183 1079 2213 Ad
1107 2184 1378 2219 Matutinum.

1091 2246 1303 2275 Invitatorium.

962 2293 1081 2332 Venite,
1106 2294 1269 2327 laudemus
1294 2306 1398 2337 regem

960 2339 1126 2380 Christum,
1157 2349 1263 2382 regum
1288 2344 1455 2388 dominum,
