1650 2542
758 148 1003 182 -160—

240 249 278 280 V.
308 247 368 279 Hic
392 249 447 288 est,
474 254 561 285 quem
589 244 734 276 divinitas
1033 239 1076 270 In
1102 238 1132 270 3.
1158 236 1215 267 No
1226 237 1345 266 cturn
1355 243 1383 267 0.

353 301 429 332 prae
451 292 560 323 ceteris
585 290 698 322 amavit

310 339 493 377 Amorisque
520 337 664 368 nobilitas

353 384 506 416 Secretius
527 382 649 415 locavit.
900 377 938 411 R.
970 377 994 409 O
1021 377 1173 408 Iohannes
1199 374 1297 406 frater
1321 373 1474 414 altissimi,

969 423 1070 453 Venas
1101 422 1197 453 divini
1222 420 1354 451 susurrii

969 469 1068 500 Nobis
1095 471 1147 499 tua
1169 476 1264 507 prece
1288 466 1393 505 aperi3

367 523 411 553 In
438 523 467 553 2.
492 520 549 551 No
561 522 714 550 cturno.
900 516 936 549 V.
965 515 1013 546 Tu
1036 515 1176 554 paradisi
1199 512 1322 553 fluvius,

969 562 1106 593 Torrens
1130 561 1286 592 inundans
1313 557 1471 590 divinitus.

1109 319 1311 354 Responsoria.

446 612 533 645 Antip
534 610 636 637 honae.
897 627 935 660 R.
966 627 1058 666 Ecce,
1086 626 1170 657 volat
1193 625 1303 666 aquila,

236 678 275 709 A.
307 677 446 709 Christus
470 685 557 707 suum
583 675 766 713 discipulum
968 673 1033 710 Quo
1058 680 1116 703 nee
1138 673 1224 702 vates
1246 678 1304 700 nec
1327 669 1480 708 propheta

349 723 517 754 Iohannem
540 724 750 760 praeamatum
968 718 1093 750 Volavit,
1119 725 1253 755 unquam
1279 716 1382 753 altius,

303 769 347 800 Et
369 769 400 799 in
426 768 571 799 Pathmos
597 767 781 806 ergastulum
966 766 1070 803 Atque
1093 764 1159 796 sine
1182 765 1266 793 meta

350 814 469 846 Iniuste
492 815 660 852 relegatum
969 811 1053 843 Caeli
1077 808 1254 849 penetravit
1278 809 1415 845 secreta;

306 861 443 892 Revocat
466 860 507 891 ad
531 859 693 901 Ephesios,
898 859 934 890 V.
966 857 1078 896 Stupet
1107 864 1180 887 usus
1205 858 1237 886 et
1259 856 1372 885 natura

355 906 405 937 Acl
431 906 495 937 eius
517 906 569 944 qui
595 905 760 936 adventurn
967 903 1113 935 Iohannis
1140 901 1272 939 eloquio,

306 952 428 983 Laudes
459 952 564 983 dicunt
587 953 678 989 atque
701 952 796 982 melos
966 949 1048 981 Dum
1072 947 1267 979 transcendit
1291 947 1393 977 carnis
1418 947 1488 977 iura

349 998 441 1029 Iubili
463 998 496 1028 in
520 1000 724 1037 augmentum.
967 995 1082 1026 Dicens
1110 995 1167 1036 „In
1191 990 1380 1032 principio.“

312 1061 395 1095 Prcp.
416 1060 445 1087 S.
464 1060 600 1087 Iohannis
621 1060 812 1087 Boscoducen.
832 1061 900 1095 imp.
920 1059 1103 1093 Antwerpiae
1121 1066 1143 1085 s.
1167 1066 1193 1084 a.

603 1158 647 1188 56.
677 1159 717 1188 De
737 1166 760 1188 s.
781 1158 915 1189 Iohanne
936 1158 1152 1195 chrysostomo.

375 1227 420 1258 In
448 1228 476 1259 1.
503 1227 709 1265 vesperis.
1085 1225 1130 1252 Ad
1148 1223 1324 1259 Magnificat.

447 1299 635 1334 Antiphonae.
899 1293 938 1325 A.
968 1290 1149 1330 Magnificet
1176 1289 1343 1321 Dominum

969 1338 1029 1370 Per
1053 1337 1166 1376 quadri
1190 1336 1273 1367 orbis
1298 1335 1464 1365 terminum

969 1384 1059 1415 Mens
1084 1392 1172 1422 pura,
1197 1382 1356 1412 illustrata

968 1431 1029 1461 Per
1053 1429 1200 1461 Iohannis
1227 1428 1382 1467 dogmata,

969 1476 1025 1514 Qui
1051 1475 1130 1506 luxit
1153 1478 1189 1505 ut
1211 1474 1257 1505 sol
1281 1474 1315 1504 in
1339 1473 1466 1515 mundo,

969 1522 1202 1560 Scripturarum
1228 1521 1267 1552 de
1291 1519 1449 1559 profundo

1013 1568 1102 1600 Plebi
1129 1568 1257 1606 vulgans
1283 1567 1423 1605 mystica,

967 1615 1086 1646 Aurum
1111 1614 1267 1652 adaugens
1292 1615 1420 1652 argento

967 1661 1196 1699 Duplicatoque
1224 1659 1342 1689 talento

1014 1707 1127 1738 Serens
1154 1705 1238 1736 dicta
1261 1705 1384 1745 pistica,

250 1357 277 1387 1.
306 1357 458 1387 lohannes
482 1356 542 1386 Dei
567 1356 667 1394 gratia

355 1401 464 1432 Latine
483 1402 713 1443 interpretatur,

309 1448 365 1486 Qui
388 1450 525 1478 sanctum
550 1447 588 1477 ab
612 1446 743 1478 infantia

356 1494 479 1524 Virtute
503 1494 675 1526 comitatur.

250 1549 279 1580 2.
306 1549 345 1580 Os
370 1548 430 1579 iste
453 1552 560 1579 tenens
584 1557 710 1579 aureum

351 1594 585 1635 Chrysostomus
609 1595 794 1635 appellatur,

304 1640 384 1672 Dum
409 1649 466 1679 per
492 1641 601 1680 dogma
624 1644 801 1671 nectareum

348 1686 491 1717 Ecclesia
510 1687 694 1718 illustratur.

248 1743 278 1774 3.
303 1742 431 1793 Physim
456 1749 604 1779 spernens
629 1742 744 1779 sophus
767 1742 827 1772 iste
968 1753 1064 1790 Quem
1086 1752 1119 1782 in
1145 1751 1240 1781 caelis
1263 1751 1436 1782 laureatum

337 1788 402 1838 'Sic
424 1787 650 1839 contemplatur
665 1787 840 1827 Dominum,
927 1801 942 1810 *
1014 1798 1090 1830 Cum
1116 1797 1222 1828 electis
1247 1797 1392 1836 petimus,

304 1833 459 1864 Dmconus
483 1833 549 1885 t¹b¹3
576 1832 709 1885 thsoe3
968 1843 1065 1874 Nobis
1091 1846 1124 1874 ut
1147 1844 1261 1875 reddat
1283 1844 1441 1883 placatum

350 1879 453 1911 Corda
476 1879 606 1909 subiecit
629 1879 793 1911 hommum.
1014 1890 1262 1928 Omnipotentem
1286 1890 1443 1928 precibus.

248 1937 279 1967 4.
305 1934 434 1966 Praesul
457 1934 508 1964 hic
531 1934 750 1973 aequiparatur

349 1980 502 2011 Iohannes
526 1988 623 2018 aequo
648 1981 788 2020 nominis,

304 2026 401 2056 Actus
427 2026 491 2057 vita
515 2026 587 2056 dum
611 2027 782 2058 aemulatur
1024 2019 1082 2050 Ad
1107 2019 1373 2053 Matutissum-

351 2071 466 2102 Eorum
489 2072 522 2101 in
546 2072 694 2111 vestigiis.

447 2127 453 2132 .
584 2127 590 2132 ¹
1093 2101 1305 2128 Invitatorium.

249 2129 277 2159 5.
303 2127 534 2166 Evangehstam
562 2127 717 2166 dictando,

305 2173 480 2211 Baptistam
504 2173 714 2210 praedicando
969 2175 1144 2207 Concordes
1168 2176 1252 2208 vitae

349 2218 411 2249 Hie
436 2218 670 2257 chrysostomus
696 2222 831 2252 sectatur
1014 2225 1140 2252 sanctae
1163 2222 1324 2256 iubilando
1350 2226 1454 2257 venite

305 2265 345 2296 Et
371 2265 492 2303 utrique
514 2265 689 2303 ieiunando,
897 2281 903 2287 ν
969 2267 1250 2308 Chrysostomoque
1276 2271 1401 2310 dignum
1457 2252 1464 2267 ³

306 2311 408 2345 Plebis
433 2311 533 2341 scelus
558 2313 753 2350 excrepando
1015 2322 1190 2346 resonemus
1238 2317 1381 2349 laudibus
1424 2320 1511 2358 hym-

351 2359 412 2390 Par
436 2357 569 2389 maxime
594 2358 772 2392 conabatur.
1287 2373 1371 2398 num.
