1650 2542
678 117 930 152 —235—

325 212 371 243 In
396 211 621 244 Laudibus.
904 212 952 243 Tu
977 219 1089 249 corpus
1113 209 1214 241 sancti

375 284 569 320 Antiphonae.
952 256 1112 289 Lamberti
1136 253 1328 295 glorificasti.

178 340 210 373 1.
236 340 306 371 Hoc
329 340 416 371 Deus
439 340 473 371 in
497 343 604 372 sancto
1042 339 1088 366 Ad
1106 338 1242 366 Tertiam.

279 386 427 439 I'PgnaVif‘
449 386 564 418 1⁸0b01⁸8
587 396 709 427 magno,
841 399 881 429 A.
911 397 935 429 O
960 405 1050 435 quam
1075 394 1219 426 miranda

236 432 574 485 ΟΡῘῙΠῙΘΡΥΒΕθῘΉῧἘ-θ,
956 442 1071 474 Christi
1095 442 1196 481 pietas
1222 442 1254 470 et,
1276 437 1420 476 amanda,

283 479 420 510 Messlae
444 488 594 518 sanguine
619 479 724 511 tincto.
909 489 994 527 Quae
1016 487 1093 519 fecit
1116 489 1223 519 sancto

178 536 210 568 2.
235 535 330 567 Hunc
354 534 565 566 collaudemus
955 534 1124 567 Lamberto
1143 534 1205 564 iam
1229 532 1389 564 morituro.

284 581 481 620 Dominoque
507 580 572 612 Deo
596 581 772 620 iubilemus,

237 627 354 659 Nostro
380 626 492 659 factori

284 682 373 705 mens
399 682 527 705 concors
554 677 702 705 consonet
725 674 782 707 ori.
969 665 1014 697 In
1039 666 1070 695 2-
1096 662 1313 701 Vesperi&

183 731 214 763 3.
240 729 287 760 Te
310 730 429 771 sitiens,
457 729 591 771 Christe,
1052 736 1242 771 Antiphonae.

288 776 467 815 suspirabat
487 784 576 807 sacer
599 776 668 818 iste,
855 795 887 826 1.
912 793 961 824 De
984 795 1124 824 torrente
1145 792 1234 834 bibit,

242 822 295 854 Ad
320 825 354 853 te
378 822 534 861 clamavit,

290 869 362 900 dum
391 869 564 908 prudenter
587 868 738 907 vigilavit·
957 840 1136 879 praesentia
1161 840 1272 869 cuncta
1296 836 1438 876 despexit

913 886 975 917 Hic
998 894 1086 917 sacer
1110 885 1150 916 ad
1176 884 1294 915 caelum

183 927 215 957 4·
241 925 397 977 Martylsso
423 924 550 964 dignum
958 932 1103 970 migrans,
1129 939 1188 970 quo
1212 932 1323 970 regnat
1344 930 1377 959 in
1402 936 1452 959 ae-

291 980 391 1002 crucis
416 970 602 1002 admirabile
625 970 745 1009 signum
1232 984 1314 1007 vum·

245 1017 337 1048 Hunc
362 1017 596 1056 demonstravit⁷
857 1036 876 1065 2
914 1034 981 1065 Iam
1005 1032 1188 1065 sublimatus

291 1063 478 1103 benedicite,
502 1063 565 1094 iam
591 1062 759 1101 superavit.
881 1060 888 1067 ”
959 1078 1155 1109 benedicitur
1179 1078 1239 1108 iste
1259 1076 1379 1114 beatus,

188 1122 216 1152 5.
246 1120 358 1152 Omnia
382 1122 560 1150 cernentem
915 1124 1033 1163 Gloria,
1060 1124 1188 1155 divitiae

289 1166 457 1217 land-emus.
475 1165 748 1205 Gunssffipo‘fflsstema
959 1179 1034 1202 vere
1055 1170 1116 1201 sibi
1138 1172 1210 1201 sunt
1234 1169 1301 1200 sine
1322 1167 1393 1200 fine.

245 1213 311 1251 QUO
336 1220 425 1243 sacer
448 1220 482 1242 m
506 1220 602 1251 fegss‘)
858 1230 888 1261 3.
911 1227 996 1258 Mire
1022 1226 1137 1258 ditatus

291 1259 418 1298 gandes’
440 1257 618 1296 Lamberoe²
644 1264 788 1294 superno·
962 1282 1031 1304 cum
1054 1271 1312 1311 principibusque
1334 1270 1453 1301 locatus

360 1350 405 1376 Ad
426 1351 449 1377 B
506 1350 532 1376 d·
553 1352 565 1376 t
916 1319 1039 1351 Gaudet
1064 1317 1252 1357 apostolicis,

452 1359 504 1377 ²¹¹⁶
524 1358 552 1412 “J
567 1358 608 1376 ¹¹⁵¹
961 1368 1045 1397 totus
1070 1364 1264 1404 congaudeat.
1287 1362 1380 1394 orbis.

177 1408 215 1439 A·
248 1407 315 1438 Rex
339 1415 447 1446 regum
473 1406 615 1458 onustus
699 1452 706 1458 .
859 1424 891 1455 4.
918 1421 1062 1454 credidit
1086 1423 1118 1451 et
1142 1419 1257 1459 docuit,

294 1461 351 1491 per
379 1453 506 1484 saecula
529 1455 571 1484 sit
594 1452 788 1489 benedlctus‚

247 1500 306 1538 Qui
333 1500 422 1531 dedit
445 1499 564 1530 aeterni

296 1546 476 1577 dulcissima
501 1545 616 1585 gaudia
639 1545 727 1585 regni

248 1592 416 1624 Lamberto
444 1594 562 1632 sancto,

295 1640 415 1670 meritis
439 1642 471 1670 et
493 1639 620 1671 nomine
642 1646 762 1678 magno.
1032 1643 1077 1671 Ad
1095 1641 1272 1678 Magnificat.

924 1704 995 1735 Iesu
1021 1701 1144 1735 Christe
1168 1700 1230 1739 pie,

964 1476 1043 1507 quae
1060 1469 1198 1506 voverat,
1215 1466 1248 1496 in
1264 1473 1341 1496 nece
1357 1463 1459 1502 solvit,

918 1515 1002 1553 Quae
1026 1514 1165 1553 pretiosa
1188 1512 1248 1543 sibi

967 1560 1072 1592 fuerat.
1094 1569 1151 1599 pro
1176 1558 1301 1590 nomine
1326 1555 1452 1589 Christi.

368 1763 444 1793 Per
468 1761 611 1794 Horas.
967 1751 1060 1789 pater
1076 1747 1282 1786 omnipotens,
1299 1744 1465 1775 miserator

495 1836 501 1842 ,
923 1796 1055 1839 Optime,
1082 1794 1206 1833 suscipe
1228 1791 1339 1824 laudes
1363 1790 1420 1821 has

390 1836 435 1863 Ad
453 1836 590 1881 ss’nmam.
971 1842 1135 1882 dignanter
1157 1843 1193 1872 ut
1217 1840 1291 1876 eius,

179 1893 219 1926 A.
251 1892 385 1933 Christe,
411 1893 511 1933 patris
536 1892 674 1934 verbum,
924 1889 1019 1922 Cuius
1044 1887 1126 1920 festa
1148 1894 1355 1923 recensemus,

297 1940 402 1972 lumen
427 1940 466 1971 de
488 1939 606 1971 lumine
629 1946 748 1975 verum,
965 1935 1085 1967 meritis
1109 1937 1261 1966 tueamur.

255 2024 340 2051 Brev.
367 2032 418 2051 ms.
443 2022 687 2050 Lambrechtense
713 2029 788 2048 saec.
811 2018 883 2048 1²l13.
924 2018 991 2046 Cod.
1012 2018 1149 2047 Graecen.
1178 2014 1240 2044 134.
1260 2016 1294 2042 A.
1320 2029 1356 2033 —
1383 2014 1466 2041 Brev.

179 2070 232 2088 ms.
258 2062 500 2089 Lambrechtense
525 2069 599 2088 saec.
625 2057 667 2086 14.
708 2058 775 2085 Cod.
803 2058 941 2086 Graecen.
968 2054 1048 2084 1527.
1068 2056 1101 2083 Β,
1126 2071 1162 2075 —
1195 2055 1278 2082 Brev.
1303 2061 1354 2080 ms.
1383 2052 1469 2079 Lam-

181 2099 352 2127 brechtense
376 2107 450 2126 saec.
473 2096 517 2125 15.
564 2097 631 2124 Cod.
658 2097 795 2125 Graecen.
821 2093 902 2122 1475.
923 2094 953 2121 0.
980 2108 1016 2112 —-
1041 2094 1123 2121 Brev.
1151 2101 1202 2120 ms.
1227 2090 1471 2118 Lambrechtensc

182 2144 257 2163 saec.
284 2135 328 2163 15.
376 2136 444 2164 Οοᾶ.
472 2136 609 2164 Graecen.
635 2131 717 2161 1521.
742 2134 778 2161 D.
804 2147 841 2152 —
866 2133 950 2160 Brev.
974 2140 1028 2158 ms.
1054 2130 1297 2158 Lambrechtense
1323 2136 1396 2155 saec.
1425 2124 1469 2153 15.

182 2173 252 2200 Cod.
272 2174 505 2209 Doneschingen.
530 2170 594 2201 313.
615 2172 650 2199 E.
677 2187 715 2191 —
739 2172 781 2199 In
808 2169 831 2198 1.
852 2171 956 2205 Vesp.
986 2169 1022 2196 ad
1040 2169 1138 2204 Magn.
1160 2166 1182 2194 Α
1211 2168 1264 2193 wie
1284 2167 1358 2193 oben
1386 2164 1468 2192 oder:

181 2211 291 2246 Magna
309 2220 367 2238 vox
385 2211 471 2238 laude
492 2218 600 2238 sonora
618 2212 671 2237 etc.
690 2209 732 2244 A3
759 2209 817 2245 vgl.
838 2208 889 2235 das
908 2206 1143 2242 vorhergehende
1162 2204 1302 2232 Officium.
1324 2217 1360 2221 —
1383 2202 1471 2229 Invit.

182 2249 239 2275 wie
259 2249 333 2275 oben
347 2248 427 2275 oder:
449 2250 604 2276 Aeternum
617 2249 782 2283 trinumque
795 2247 889 2274 Deum
902 2247 954 2272 ete.
971 2245 1010 2276 A;
1030 2244 1087 2280 vgl.
1102 2243 1153 2270 das
1166 2243 1267 2277 vorige
1280 2239 1421 2267 Officium.
1434 2253 1472 2257 —

182 2286 251 2313 Per
278 2286 393 2313 Horas
420 2286 456 2314 ad
483 2286 600 2313 Sextam
628 2287 657 2313 et
681 2286 795 2312 Nonam
819 2282 987 2319 prosaische
1013 2280 1069 2308 ΑΑ.
1098 2296 1136 2301 —
1165 2281 1222 2308 Die
1245 2279 1382 2312 Hymnen
1407 2274 1472 2302 sind

182 2324 215 2350 iu
233 2323 259 2350 A
279 2322 352 2350 noch
372 2323 430 2349 alle
450 2323 485 2350 de
498 2323 662 2357 Commum'3
683 2323 780 2358 spater
800 2321 934 2348 kommen
952 2320 984 2346 in
998 2318 1149 2346 Gebrauch
1164 2317 1246 2344 Anal.
1267 2315 1317 2348 IV,
1335 2314 1386 2341 Νι·-
1407 2310 1470 2347 321,

184 2359 248 2396 323,
269 2358 334 2389 325.
