1650 2542
730 119 984 158 —274—

658 213 781 241 Confidit
798 215 830 241 in
848 215 982 250 Domino,

691 251 745 284 Qui
767 251 829 278 odit
847 253 1031 288 iniquitatem

688 288 728 315 Et
747 288 843 324 dilig-it
862 292 1037 325 aequitatem

653 324 755 351 Coram
776 327 853 352 omni
875 328 992 362 populo.

214 364 234 392 Β
257 366 284 400 1,
305 366 321 394 5
342 368 383 395 Ut
401 369 543 397 Minorum
564 373 658 397 sumat
678 370 735 398 AB.
755 385 792 389 —
812 369 832 397 Β
856 370 880 407 1,
899 370 917 400 8
936 373 1027 401 Novit
1045 376 1103 403 tale
1122 377 1155 404 B.
1179 392 1210 396 —
1242 377 1262 404 Β
1283 377 1313 412 2,
1336 377 1353 407 3
1376 379 1492 408 Summo

213 406 391 432 renuntiavit
410 407 444 431 A.
464 422 502 426 —
530 404 550 432 Β
571 404 604 438 3,
625 405 642 434 3
661 409 818 442 patrissare
837 409 869 435 B.
891 424 925 428 -—
945 411 987 437 In
1006 409 1031 438 3.
1051 413 1151 440 Noet.
1172 413 1194 441 Α
1217 414 1247 449 1,
1273 415 1293 443 4
1312 417 1404 452 Super
1424 426 1495 445 suae

210 441 290 467 vitae
317 450 431 476 gressus
456 443 489 469 A.
515 458 549 461 —
577 442 596 469 Β
625 442 653 478 1,
679 443 698 471 4
720 445 780 471 Dat
803 448 916 481 provite
941 449 1114 477 subveniens
1135 452 1168 478 A.
1189 467 1223 471 —
1246 451 1266 479 Β
1292 451 1309 481 3
1328 454 1401 481 fehlt
1418 455 1491 487 BFf;

211 478 341 505 letzteres
355 479 406 505 hat
418 479 514 506 dafiir:
536 479 600 507 Sint
615 481 707 508 lumbi
726 483 814 508 vestri
835 485 992 516 praecincti
1012 489 1078 521 etc.;
1098 490 1272 520 prosaisch·
1290 505 1304 509 —
1321 492 1361 518 In
1380 492 1491 519 Laud.

211 514 257 540 Ad
275 515 379 542 Bened.
401 514 437 549 Α,
460 514 477 543 Ξ
503 517 622 544 Praesul
643 520 854 553 contempnium
873 521 910 554 A,
939 524 1146 551 continentium
1166 526 1198 552 B.
1218 542 1257 546 —
1278 529 1320 555 In
1339 527 1364 554 2.
1385 529 1490 563 Vesp.

211 551 255 576 ad.
281 552 376 586 Magn.
398 551 419 578 Α
449 552 472 579 O
492 554 562 580 felix
579 555 713 581 Marsilia
732 558 784 582 etc.
803 556 870 583 BFf.
890 573 922 577 —-
945 559 1095 593 Hymnen:
1120 562 1155 589 In
1177 562 1200 590 1.
1221 564 1321 600 Vesp.:
1347 566 1491 601 Vergente

211 588 309 614 mundi
336 597 455 624 vespere
479 590 572 623 (Anal.
599 592 655 624 IV,
683 590 759 627 187);
793 593 829 619 ad
855 594 951 622 Noct.:
985 597 1059 624 Dum
1085 599 1208 627 medium
1235 602 1383 629 silentium
1405 603 1488 637 (Ibid.

209 624 258 651 Nr.
286 623 364 660 348);
394 626 430 652 ad
459 627 588 655 Laudes:
618 628 660 655 Ut
682 629 733 656 lux
761 637 881 658 aurorae
906 633 1009 660 rutilat
1031 632 1116 669 (Ibid.
1135 645 1163 670 p.
1185 635 1260 672 189):
1290 640 1321 665 in
1342 637 1368 665 2.
1387 640 1490 675 Vesp.:

207 661 371 689 Ludovicus
390 666 424 689 ut
443 665 551 691 amicus
570 664 653 700 (Ibid.
673 666 693 692 1.
713 665 755 701 c.).

625 755 671 785 95.
699 754 742 786 De
762 757 867 786 sancto
888 757 1053 790 Luthardo.

939 837 996 875 Qui
1019 847 1126 878 regum
1149 841 1264 873 nobilis

939 883 1098 916 Nobilium
1119 887 1253 927 suboles,

338 829 384 860 In
408 830 439 863 1.
464 832 680 871 vesperis.

410 903 601 939 Antiphonae.

238 980 246 987 .
272 956 374 997 Salve,
400 962 506 991 sancte
529 964 629 1002 pater,

318 1004 434 1035 Christi
456 1008 616 1045 praecelse
639 1010 790 1050 minister,

269 1049 380 1080 Inclite
403 1050 572 1092 Lutharde,

314 1097 435 1133 peccati
459 1099 562 1130 vincla
585 1101 716 1135 resolve.

236 1174 243 1181 .
269 1149 438 1183 Sanctitate
463 1154 587 1192 quidem

314 1197 462 1229 virtutum
487 1202 631 1238 praevius
654 1203 738 1235 idem

267 1240 339 1273 Iure
362 1246 534 1282 sequendus
557 1247 618 1279 iter

313 1288 473 1321 declarans
499 1292 582 1324 clare
603 1295 760 1334 magister.

229 1365 237 1372 .
262 1343 344 1374 Vere
367 1344 427 1375 Dei
450 1344 592 1387 famulus,

309 1389 360 1427 qui
384 1392 485 1422 carnis
510 1394 629 1432 respuit
652 1399 748 1436 actus,

262 1432 443 1467 Sanctarum
468 1440 582 1470 sanctis

308 1481 458 1513 virtutum
481 1485 641 1524 splenduit
664 1489 753 1521 actis.

225 1557 233 1565 .
258 1534 384 1567 Phoebo
407 1538 604 1576 splendidior

307 1582 448 1623 rutilans,
473 1585 635 1618 mitissime
658 1593 771 1633 rector⁷

257 1627 341 1658 Ante
364 1629 450 1668 pium
476 1630 639 1677 Christum,

302 1675 450 1706 mundum
470 1678 522 1716 qui
540 1680 681 1712 condidit
694 1682 795 1714 istum.

224 1751 231 1758 .
257 1727 342 1759 Dans
368 1733 546 1764 constanter
569 1743 659 1774 opem

300 1774 515 1816 languentibus
541 1782 633 1819 atque
654 1784 784 1815 salutem

258 1820 283 1851 O
308 1824 485 1854 venerande
510 1834 620 1867 comes,

301 1876 449 1901 conserva
472 1873 504 1901 te
528 1878 720 1908 venerantes.

788 1811 795 1827 9

213 1945 219 1952 .
252 1922 304 1953 Ad
328 1923 451 1956 laudem
477 1927 592 1959 Christi

296 1970 464 2007 psallentes
491 1974 619 2007 caelitus
640 1977 694 2008 isti

252 2013 365 2046 Sancto
388 2018 586 2051 multimodas

292 2070 461 2100 pangamus
486 2066 614 2098 vocibus
638 2069 724 2108 odas,

178 2105 216 2138 V.
245 2105 414 2139 Unanimes
440 2109 562 2143 Christo

293 2153 462 2191 psallentes
486 2160 614 2195 pectore
637 2163 712 2195 toto.

363 2227 408 2254 Ad
429 2229 605 2265 Magnificat.

173 2282 214 2315 A.
242 2283 344 2314 Adest
367 2284 451 2316 beati
474 2286 630 2319 Luthardi

243 2329 316 2361 Iure
341 2333 518 2364 veneranda
543 2334 618 2374 dies,

939 930 1030 961 Vitae
1054 935 1199 964 aeternae
1222 935 1359 974 palmam

937 976 1003 1007 Iam
1027 986 1047 1008 a
1071 978 1195 1010 Christo
1220 981 1320 1012 laetus
1345 984 1485 1022 suscepit

937 1021 1035 1053 Cursu
1059 1029 1186 1062 peracto
1212 1025 1355 1059 feliciter.

999 1125 1060 1156 Ad
1083 1126 1345 1162 Matutinum.

1067 1207 1279 1237 Invitatorium.

933 1261 1065 1303 Surgite,
1091 1268 1248 1297 cantemus

980 1314 1011 1339 et
1036 1311 1129 1341 corde
1151 1312 1204 1350 pio
1228 1313 1394 1345 iubilemus

930 1353 1094 1387 Lnthardo
1119 1360 1237 1398 sancto,

975 1401 1062 1441 iungi
1086 1412 1261 1436 mereamur
1284 1409 1320 1436 ut
1343 1416 1433 1447 agno.

986 1503 1028 1533 In
1054 1503 1083 1536 1.
1110 1504 1167 1536 No
1179 1509 1337 1540 cturno.

1060 1587 1252 1622 Antiphonae.

891 1664 899 1671 .
926 1640 1028 1681 Salve,
1054 1647 1162 1675 sancte
1185 1649 1285 1688 pater,

972 1687 1090 1720 Christi
1113 1693 1275 1729 praecelse
1298 1695 1449 1738 minister,

927 1733 1042 1764 Inclite
1065 1735 1237 1777 Lutharde,

967 1782 1090 1818 peccati
1114 1783 1217 1815 vincla
1240 1787 1373 1819 resolve.

866 1838 895 1866 ¹.
923 1833 1095 1867 Sanctitate
1118 1839 1243 1877 quidem

967 1882 1116 1914 virtutum
1140 1888 1286 1924 praevius
1310 1890 1407 1931 idem,

919 1927 993 1958 Iure
1011 1932 1196 1971 sequendus⁷
1221 1934 1283 1965 iter

966 1974 1128 2008 declarans
1155 1979 1238 2010 clare
1261 1983 1420 2021 magister.

882 2053 889 2059 .
916 2028 997 2060 Vere
1019 2031 1083 2062 Dei
1108 2032 1251 2076 famulus,

964 2076 1016 2114 qui
1040 2079 1143 2110 carnis
1168 2082 1289 2119 respuit
1312 2087 1409 2127 actus,

915 2120 1097 2154 Sanctarum
1120 2127 1235 2157 sanctis

955 2168 1104 2200 virtutum
1128 2172 1289 2209 splenduit
1312 2178 1402 2209 actis.

1050 2242 1253 2278 Responsoria.

878 2322 885 2329 .
911 2297 1078 2329 Nobilibus
1102 2302 1258 2334 natalibus

910 2343 1003 2377 Ortus
1027 2344 1086 2376 fuit
1111 2347 1302 2392 Luthardus,
