1650 2542
716 122 969 156 —156—

284 218 325 248 Et
347 218 380 248 in
404 217 551 256 sanguine
576 216 675 247 olivae

282 264 414 295 Pallium
439 272 535 294 suum.

215 310 252 343 V.
283 309 371 339 Victo
396 311 504 340 senatu
530 317 595 339 cum
622 307 753 338 Caesare

285 355 427 393 Virgineo
452 362 581 393 corpore

282 400 447 439 Tripudiat
468 400 501 430 in
525 400 595 439 igne

282 446 325 477 Et
347 446 378 476 in
404 444 559 484 sanguine.

227 503 257 533 2.
284 500 359 531 Cum
383 508 439 538 pro
463 500 576 530 mundo
600 501 761 537 pateretur

327 554 381 576 rex
405 545 489 575 Deus
515 545 545 575 in
572 544 702 582 homine,

281 591 370 622 quta
394 599 514 621 crucem
539 591 603 620 eius
628 593 694 621 erat

328 640 412 667 stans
439 637 523 676 virgo
548 645 616 667 cum
641 637 770 675 virgine,

214 683 250 713 V.
281 682 420 713 Christus
448 682 572 721 utrique
596 682 788 712 commendat

326 728 457 759 invicem
482 737 520 759 ex
543 728 675 760 nomine.

226 784 255 815 3.
281 782 398 822 Magna
422 783 535 813 mundo

328 829 426 867 gloria
450 829 618 867 splenduit,

282 874 417 905 Adorari

326 921 451 958 angelus
480 920 592 958 timuit,

329 965 396 997 Hoc
421 966 597 1004 prohibuit3

215 1012 251 1043 V.
283 1011 374 1041 Hunc
401 1012 547 1042 honorem

328 1057 435 1089 honori
458 1057 576 1096 tribuit,

281 1103 379 1133 Homo
404 1103 488 1134 Deus

329 1149 398 1179 dum
423 1157 545 1180 carnem
570 1149 679 1180 induit.

227 1204 257 1235 4.
284 1203 385 1241 Salve,
411 1204 501 1234 dulce
524 1204 630 1242 melos,

327 1250 485 1280 illustrans
507 1250 622 1280 lumine
646 1250 756 1289 caelos,

285 1294 462 1334 Virgineum
485 1296 597 1334 lumen,

327 1341 465 1378 paradisi
489 1339 593 1371 fert-ile
615 1339 737 1383 flumen,

283 1386 436 1424 Splendor
458 1387 637 1425 apostolice,

330 1431 444 1463 Christi
467 1433 611 1471 specialis
636 1433 741 1474 amice,

282 1478 454 1517 Theologos
479 1487 582 1509 omnes

326 1524 547 1555 transcendens
607 1527 712 1554 sancte
770 1524 818 1555 Io-

597 1570 724 1609 hannes,

213 1617 250 1648 V.
280 1615 421 1654 Eloquiis
446 1616 538 1646 claris

326 1662 458 1692 caeleste
481 1662 575 1692 melos
599 1662 743 1695 imiiariS.

341 1791 385 1821 In
412 1789 690 1823 3.Noctur110.

416 1881 618 1916 Responsoria.

227 1946 243 1977 1
250 1970 257 1977 .
283 1946 436 1984 Discipuli
462 1947 578 1978 Christi

330 1992 401 2022 dum
443 1995 579 2024 tractant
619 1993 715 2025 verba
754 2004 817 2026 ma-

597 2039 697 2081 gistri,

281 2082 426 2121 Undique
456 2091 555 2114 sermo
582 2088 680 2124 sonat,

328 2129 400 2158 huic
423 2137 544 2168 semper
568 2130 673 2162 vivere
698 2132 802 2172 donat,

215 2176 251 2206 V.
281 2174 338 2208 Tu,
364 2175 467 2214 Petre,
491 2184 541 2206 me
564 2185 702 2217 sequere,

331 2221 398 2251 volo
413 2221 469 2260 sic,
487 2222 539 2263 ait,
558 2222 639 2253 hunc
649 2232 818 2258 remanere.

226 2277 256 2308 2.
283 2275 385 2313 Supra
408 2279 516 2314 pectus
541 2269 704 2310 salvatoris

328 2322 360 2352 in
385 2330 462 2353 cena
481 2323 631 2363 recubuit,

946 214 995 244 Ex
1017 222 1077 252 quo
1102 213 1215 252 hausit,
1241 212 1329 252 quod
1354 211 1468 249 ubique

992 259 1116 298 populis
1142 259 1311 298 distribuit,

878 306 915 336 V.
944 305 1009 343 Quo
1034 306 1151 345 rigatus
1177 305 1274 336 omnis
1298 304 1431 335 mundus

992 352 1034 382 ad
1062 351 1155 383 fidem
1181 351 1348 383 convaluit.

889 417 921 448 3.
947 416 1035 447 Vatis
1062 417 1203 448 caelestis

992 465 1039 492 est
1063 463 1209 494 Pathmos
1232 462 1335 492 insula
1357 461 1456 497 testis,

945 509 1081 540 Caelitus
1106 509 1157 539 hic
1180 508 1269 546 vidit,

991 563 1069 593 quae
1097 563 1171 585 sano
1197 554 1340 593 dogmate
1366 552 1488 591 scribit,

945 600 993 631 Ex
1019 600 1115 640 signis
1136 600 1213 639 ipsis

990 646 1071 677 liber
1095 646 1198 677 editur
1222 645 1449 684 Apocalypsis3

875 692 915 723 V.
946 692 1102 731 Quotquot
1130 693 1225 724 verba
1249 694 1349 731 sonat,

992 740 1037 769 tot
1068 738 1100 768 in
1136 738 1184 768 his
1216 740 1412 769 sacramenta
1439 745 1488 768 re-

1266 784 1370 814 donat.

888 850 920 880 4.
945 847 1025 879 Dum
1051 850 1157 887 stupet
1179 849 1211 879 in
1237 848 1331 879 caelis

991 895 1110 925 animus
1134 895 1233 933 patris
1259 894 1445 933 Ezechielis,

946 940 1008 971 Res
1033 941 1108 971 satis
1133 940 1290 981 obscuras,

991 989 1055 1017 tres
1082 987 1181 1017 cernit
1204 987 1316 1017 adesse
1342 986 1466 1025 figuras,

945 1032 1033 1063 Haec
1060 1033 1180 1071 species
1205 1033 1347 1072 hominis,

992 1078 1080 1109 bovis
1097 1079 1174 1109 haec
1194 1082 1271 1119 erat,
1296 1079 1353 1110 illa
1368 1079 1487 1119 leonis3

877 1125 913 1156 V.
945 1124 1005 1155 Par
1029 1125 1152 1163 aquilae
1176 1127 1287 1163 quarta

990 1171 1145 1209 magnalia
1171 1172 1297 1202 denotat
1320 1171 1385 1202 alta

947 1216 1053 1247 Sancti
1077 1216 1223 1247 Iohannis
1249 1217 1466 1256 evangelistae.

1032 1353 1074 1384 In
1099 1354 1328 1386 Laudibus.

1090 1445 1283 1480 Antiphonae.

889 1511 917 1542 1.
944 1510 1035 1551 Ecce,
1065 1511 1131 1542 dies
1155 1512 1351 1550 triumphalis

944 1556 1080 1595 Diesque
1102 1557 1273 1596 spiritualis

989 1602 1135 1633 lobannis
1160 1605 1335 1642 memoriae,

946 1648 1032 1679 Cum·
1046 1657 1084 1678 ex
1109 1649 1176 1680 oleo
1201 1649 1335 1681 ferventi

944 1694 1086 1725 Flamma
1115 1703 1222 1726 carens
1247 1696 1393 1728 adurenti

990 1738 1134 1771 Praefert
1157 1741 1276 1780 signum
1301 1744 1430 1782 gloriae.

888 1805 918 1837 2,
946 1804 1170 1837 circumstante
1194 1807 1276 1837 hunc
1299 1811 1410 1839 senatu

941 1851 1105 1882 Resultant
1128 1852 1260 1884 maiores
1284 1857 1369 1894 natu,

991 1897 1080 1935 Quod
1103 1898 1184 1929 liber
1209 1900 1376 1943 egreditur,

929 1943 1041 1975 ·Urbis
1065 1944 1182 1975 Romae
1207 1947 1345 1984 gaudent
1367 1949 1461 1987 cives,

944 1989 1068 2020 Gaudet
1091 1999 1220 2029 pauper,
1246 1993 1360 2031 gaudet
1386 1995 1483 2034 dives,

987 2036 1075 2074 Quod
1104 2037 1176 2075 igne
1196 2046 1258 2068 non
1281 2039 1393 2071 uritur.

888 2101 919 2132 3.
940 2099 1017 2130 Exit
1041 2100 1155 2132 dolium
1179 2101 1317 2140 illaesus,

947 2144 1031 2176 Caeli
1054 2154 1156 2177 rorem
1180 2148 1280 2185 spirat
1304 2150 1393 2181 Iesus

990 2191 1034 2222 Et
1061 2192 1099 2222 ab
1126 2193 1198 2232 igne
1221 2194 1345 2235 liberat,

943 2237 1010 2267 Nec
1033 2237 1189 2270 Romanus
1212 2240 1380 2280 imperator

944 2282 1031 2314 Sicut
1053 2285 1160 2316 mundi
1186 2286 1360 2320 dominator

989 2330 1066 2362 Tam
1090 2333 1235 2369 potenter
1258 2334 1401 2373 imperat.
