1650 2542
693 130 915 165 -97—

363 220 567 256 Responsoria.
898 226 1081 266 Hieronymi
1104 227 1266 259 sollemnia

172 274 203 305 1,
229 274 294 306 Leo
318 275 386 307 Deo
412 277 597 316 disponente
943 273 1122 305 Decantans
1146 276 1178 304 et
1201 274 1367 313 adplaude,

274 321 403 354 Transit
428 324 469 355 ad
492 326 723 366 monasten'um,
842 330 872 361 2.
899 328 993 368 Rigat
1016 331 1134 360 montes
1159 338 1230 361 rore
1253 330 1337 362 vitae

230 367 356 408 Caesus,
382 370 485 401 laesus
510 371 619 409 planta
642 375 730 404 sente
945 375 1056 406 Totam
1079 377 1196 406 terram
1220 377 1363 415 satiante,

276 414 428 447 Precatur
453 417 651 460 adiutorium,
900 421 998 452 Huius
1022 422 1087 453 vita
1112 422 1292 453 coenobitae

232 460 356 500 Hospes
380 471 487 501 sospes
512 462 549 494 fit
571 467 702 504 repente
947 467 1021 500 Cum
1048 468 1190 500 doctrina
1213 467 1410 502 fecundante.

276 507 339 539 Per
363 506 496 540 fratrum
522 509 716 563 benefiOti
842 524 871 556 3.
897 523 1132 556 Haereticorum
1157 523 1268 555 faciem

322 554 456 586 Paratus
481 556 522 587 ad
547 556 704 609 obseqffla,
944 570 1101 601 Velociter
1127 569 1297 610 confundit,

159 599 198 633 V·
227 599 287 642 En,
313 600 354 632 ad
378 603 410 632 ’ίθ
434 600 613 642 confuglssns
899 616 1032 654 Quorum
1057 615 1194 647 ferocem
1221 617 1318 648 aciem

275 646 321 677 Te
344 650 453 679 nostra
476 657 563 681 mens
587 649 745 690 implorata
942 663 1102 695 Atrociter
1125 664 1272 695 retundit.

226 692 521 773 Gubsseodftuglffnsd
837 719 866 751 4.
894 718 981 749 Inter
1003 717 1125 757 flagella
1149 719 1287 758 corporis

319 748 355 802 ‘fe
379 750 390 771 ¹
428 750 444 772 e
475 751 499 803 ‚a
517 745 602 804 *Orata
940 764 1003 796 Dat
1017 764 1158 796 Christus
1176 766 1266 797 dulce
1282 767 1430 808 suavium,

173 796 203 828 2·
230 795 386 848 Agmfflzass
410 796 527 828 Chrls‘sl
550 798 638 828 mlleS
669 844 675 850 ¹
895 810 957 842 Sed
982 814 1053 850 post
1078 811 1181 843 duella
1204 813 1352 851 temporis

273 843 357 874 MH'O
381 852 523 896 1)ΠὲΠᾶΠὲ
550 846 727 884 cert-amum,
939 857 1044 888 Donat
1066 860 1226 889 aeternum
1249 858 1398 892 bravium.

224 887 420 952 Peffidormfl
447 890 524 921 Gaeh
547 890 639 921 heres
652 937 658 942 .
835 914 866 945 5.
892 913 1077 953 Iucundare,
1102 913 1192 951 plebs
1216 912 1328 952 fidelis,

240 980 249 992 Ἰ
269 934 347 966 Dm)
371 944 497 975 messus
522 945 710 989 gravauffme’
937 958 1018 989 Nam
1044 959 1152 990 doctor
1174 960 1291 991 Christi
1314 962 1430 999 gremio

222 980 353 1012 Falsum
379 982 490 1021 dogma
514 982 581 1013 Deo
608 983 695 1035 {hves
889 1005 956 1036 Iam
980 1005 1147 1044 suscipitur
1169 1005 1202 1035 in
1227 1006 1321 1037 caelis

268 1027 354 1105 331¹er
380 1026 467 1067 fugat
493 1031 661 1081 ceftamnffe
937 1051 1028 1083 Celso
1054 1051 1170 1083 ditatus
1193 1052 1343 1090 praemio¹

307 1083 361 1105 aro
387 1073 484 1106 fultus
510 1075 687 1108 dictamine.

149 1120 188 1151 V.
219 1119 302 1151 Dum
327 1121 492 1159 scripturis
515 1121 684 1161 insudavit,
1003 1124 1048 1151 Ad
1066 1124 1247 1151 Benedictus.

219 1166 338 1197 Doctor
363 1170 510 1206 quantum
534 1168 699 1210 laboravit,
818 1181 856 1213 A·
886 1181 910 1213 0
935 1180 1055 1219 lampas
1081 1180 1231 1212 ecclesiae

266 1212 337 1243 Non
361 1213 468 1254 lingua
488 1214 573 1245 valet
599 1214 713 1254 dicere,
932 1227 1028 1258 spbar
1051 1227 1208 1266 singfflare
1231 1206 1239 1224 ⁷

266 1258 329 1290 Sed
361 1268 462 1299 neque
485 1268 572 1291 mens
598 1261 747 1293 conicere.
885 1273 1004 1305 Doctor
1028 1253 1217 1312 sapientia&

160 1314 191 1345 3.
216 1313 305 1345 Haec
330 1317 378 1345 est
401 1324 475 1347 arca
498 1317 684 1355 testamenti,
931 1319 1094 1357 Decusque
1117 1319 1265 1358 salutare,

266 1360 385 1392 Doctor
410 1362 487 1401 legis
512 1365 543 1393 et
566 1363 736 1395 translator
883 1365 995 1397 Inclite
1018 1364 1218 1404 Hieronyme,

309 1407 429 1439 Fidelis
454 1409 487 1439 in
511 1408 625 1448 officio,
930 1412 954 1443 Ο
982 1412 1090 1442 doctor
1114 1411 1182 1442 Deo
1209 1420 1289 1451 care,

216 1453 312 1485 Vivus
337 1454 418 1493 lapis
443 1453 647 1493 fundamenti,
881 1458 917 1489 In
942 1458 1013 1490 lacu
1036 1457 1181 1488 miseriae

261 1500 357 1539 Quem
382 1503 413 1532 et
435 1502 544 1533 mundi
569 1500 739 1533 fabricator
928 1504 993 1535 Nos
1018 1512 1128 1543 regere
1153 1504 1292 1543 dignare.

309 1547 482 1585 Quadravit
507 1546 668 1587 aedificio3

258 1593 334 1633 Tuo,
359 1592 434 1624 fidei
457 1594 583 1635 zelator,

301 1639 366 1670 Nos
389 1640 474 1671 muni
497 1638 656 1679 beneficio,

140 1684 176 1716 V.
207 1686 260 1716 Ad
285 1687 317 1716 te
338 1683 447 1717 flentes
470 1686 672 1726 suspiramus,
999 1706 1044 1733 Ad
1063 1707 1238 1742 Mag-nificat„

255 1731 351 1762 Pater
375 1735 491 1774 sanote'
518 1742 580 1772 Ple’
603 1731 695 1773 bone’
804 1763 844 1796 A.
875 1762 984 1794 Victor
1007 1764 1121 1803 migrat
1144 1764 1353 1797 laetabundus

209 1777 374 1817 Supplices
400 1781 432 1810 te
454 1778 641 1819 flagitamus,
1280 1812 1286 1818 .
1343 1812 1350 1818 .

252 1824 369 1864 Magne
394 1825 502 1856 doctor
527 1827 558 1856 et
579 1828 719 1865 patrone.
919 1810 972 1842 Ad
998 1819 1127 1864 regnpm
1151 1814 1224 1851 POSf‘
1245 1821 1388 1866 mmei's‘fs

969 1856 1087 1889 Chr1st1
1110 1867 1233 1890 mensus
1257 1862 1398 1900 vestlgia,

875 1903 971 1941 Quam
996 1904 1117 1944 beatus,
1148 1914 1240 1944 quam
1263 1906 1417 1940 iucundus

942 1624 988 1656 In
1013 1626 1043 1657 2.
1070 1625 1177 1664 Vesp
1193 1626 1286 1657 eris.

309 1945 370 1976 Ad
395 1944 571 1976 Laudes.
922 1950 1026 1981 Intrat
1050 1951 1092 1982 ad
1116 1952 1203 1991 regni
1226 1954 1352 1992 nuptias

409 2029 415 2034 ³
969 1996 1054 2028 Mira
1076 1999 1221 2036 pandunt
1245 1999 1400 2043 prodigia,

346 2027 539 2064 Antiphonae.
876 2041 946 2080 Eia,
974 2051 1046 2083 ergo
1071 2046 1154 2076 totus
1179 2047 1312 2078 mundus

148 2085 177 2118 1.
203 2085 318 2126 Psalle,
344 2087 446 2117 mater
471 2086 613 2126 ecclesia,
924 2088 1015 2120 Petat
1038 2089 1198 2124 fundendo
1223 2093 1370 2126 lacrimas

245 2133 269 2165 Ο
294 2133 398 2171 psalle
417 2133 512 2173 plena
535 2133 630 2164 laude
970 2136 1063 2168 Tanti
1087 2139 1187 2177 patris
1212 2139 1369 2181 suffragia.

208 2207 293 2234 BreV.
311 2207 495 2234 Traiectense
513 2208 583 2243 imp.
603 2206 704 2235 Gudae
724 2204 805 2234 1508.
825 2207 859 2234 A.
881 2223 915 2226 —
935 2210 1019 2237 Brev.
1038 2212 1224 2241 Traiectense
1243 2215 1312 2250 imp.
1333 2215 1416 2244 Colo-

130 2245 199 2271 niae
220 2242 302 2271 1517.
321 2244 355 2270 B.
378 2258 410 2262 —
432 2245 516 2272 Brev.
540 2244 569 2272 S.
591 2244 714 2271 Gudilae
733 2245 895 2272 Bruxellen.
909 2247 977 2282 imp.
995 2248 1114 2277 Parisiis
1136 2248 1217 2278 1516.
1234 2251 1264 2279 C.
1277 2267 1315 2271 —
1330 2252 1418 2281 Chat

131 2283 162 2308 in
185 2279 209 2309 1.
229 2281 317 2316 Vesp.
341 2281 378 2308 ad
396 2282 494 2317 Magn.
514 2282 561 2309 die
579 2281 714 2317 folgende
732 2282 772 2308 A:

581 2329 604 2357 O
627 2328 753 2364 gloriose
772 2328 956 2363 Hieronyme,

578 2367 688 2394 Doctor
708 2365 815 2393 Christi
834 2367 945 2400 ein'mie,

186 2415 207 2438 D
218 2420 304 2438 reves
313 2430 320 2441 ,
335 2413 454 2437 Historiae
467 2414 621 2442 rhythmicae.
651 2415 690 2438 VI.
1233 2418 1249 2445 7
