1650 2542
734 162 986 196 —146—

705 256 818 288 1udoce,
839 256 920 289 pater
939 252 1046 295 inclite,

741 300 794 320 nos
815 298 911 318 serves
930 297 949 316 a
967 297 1051 315 ruina

707 331 824 364 Nosque
843 328 901 354 frui
919 326 1008 353 facias

743 366 839 401 gratia
857 364 964 391 divina.

304 418 344 444 Zu
365 418 471 444 diesem
485 415 616 443 Officium
635 414 736 449 geh'ort
755 412 804 438 der
817 411 964 445 Hymnus:
986 409 1091 436 Sancta
1109 411 1200 435 mater
1219 404 1438 448 ecclesia{Ana1
1449 404 1500 436 IV,

232 453 302 488 165).
342 454 363 480 C
382 454 462 489 giebt
480 454 564 479 einen
587 451 693 478 andern
713 448 966 483 Hymnenanfang:
985 446 1074 473 Plau
1082 446 1141 472 dat
1160 444 1305 477 chorus,
1333 442 1414 469 nicht
1432 442 1501 469 aber

235 492 289 518 den
308 491 439 524 Hymnus
462 489 558 516 selbst-

667 622 714 653 50.
749 622 788 652 De
807 621 912 651 sancto
932 618 1048 650 Iodoco.

370 711 413 741 In
439 711 469 742 1.
493 711 705 749 Vesperis.

409 781 454 808 Ad
474 781 647 817 Magnificat.
889 799 916 830 V

227 840 266 870 A.
299 838 427 869 Gemma
451 838 656 876 sacerdotum,

341 883 541 914 famulantum
566 882 683 922 perfice
705 885 819 924 votum,

294 930 383 961 Exue
407 930 552 969 peccatis,
902 948 921 977 2

340 976 466 1014 Iudoce‚
494 975 650 1015 gregando
676 975 786 1006 beatis.

364 1067 425 1098 Ad
448 1066 708 1098 Matutinum.
891 1084 915 1115 V

424 1138 631 1165 Invitatorium.

294 1194 343 1224 De
369 1193 554 1225 confessoris
903 1187 934 1217 3·

343 1242 469 1270 resonat
492 1249 551 1271 vox
577 1241 681 1272 cordis
706 1244 737 1271 et
760 1242 822 1272 oris

293 1285 401 1317 Iudoci
424 1286 554 1324 meritis,

343 1331 435 1362 hodie
459 1331 511 1370 qui
535 1332 679 1363 redditur
703 1333 805 1364 astris.

365 1423 408 1453 111
435 1423 464 1455 1.
489 1422 709 1455 Nocturno.

432 1495 624 1529 Antiphonae.

245 1552 274 1582 1.
300 1551 376 1582 Ortu
400 1551 523 1591 regalis,

342 1605 458 1628 summo
483 1597 548 1636 regi
573 1598 727 1637 specialis,

294 1642 401 1681 Regna
424 1643 542 1675 caduca
565 1642 645 1682 fugit

338 1689 471 1720 Iudoeus
496 1692 528 1719 et
550 1689 621 1720 avia
644 1690 773 1727 quaerit.

239 1744 270 1775 2.
296 1743 398 1773 Intrat
421 1744 545 1774 Pontini
902 1727 918 1758 1
925 1751 933 1758 ·

342 1788 476 1819 confinia
498 1789 591 1820 melle
614 1790 740 1829 superni

295 1834 458 1874 Dogmatis
482 1835 627 1876 imbutus,

341 1880 472 1912 Domino
495 1882 613 1913 servire
635 1885 774 1920 paratus,

239 1935 269 1966 3.
296 1934 360 1966 Dat
383 1936 473 1975 panis
497 1939 622 1975 quartas

342 1981 464 2013 Christo
487 1982 543 2013 sub
567 1991 705 2021 paupere
728 1987 819 2024 totas,

296 2026 472 2065 Respondit
494 2028 636 2067 placidus

341 2073 461 2103 navalis
486 2074 575 2113 copia
601 2075 701 2106 donis.

429 2145 630 2180 Responsoria.

240 2201 269 2233 1.
296 2201 427 2233 Sanctus
450 2200 511 2232 Dei
538 2203 693 2234 saeculum

295 2246 450 2287 spernens
474 2247 683 2280 habitaculum

958 705 1087 745 Quaerit
1111 707 1200 736 extra
1224 704 1384 743 populum,

959 751 1077 790 Quietis
1102 750 1335 788 umbraculum3

919 823 926 830 .
957 798 1038 829 Nam
1062 798 1172 829 turbae
1196 796 1332 828 turbatio

956 844 1010 875 Fit
1034 843 1118 875 orbis
1143 843 1276 882 orbatio,

961 891 1054 922 Palus
1077 890 1111 921 in
1134 889 1262 930 palatio.

927 973 932 978 ι
960 946 1040 976 Vere
1065 945 1167 984 pisces
1192 948 1223 975 et
1247 947 1384 984 pennata

960 993 1083 1023 Victum
1109 994 1262 1030 quaerunt
1288 992 1327 1022 de
1352 994 1478 1022 sacrata

960 1037 1154 1070 Confessoris
1180 1038 1321 1074 dextera,

920 1106 926 1112 .
958 1084 1107 1115 Feritatis
1132 1086 1203 1115 sunt
1228 1084 1327 1115 oblita

958 1130 1090 1169 Quaevis
1114 1130 1294 1163 animantia.

959 1185 1079 1216 Ducem
1103 1186 1173 1216 sitis
1197 1186 1261 1216 urit
1285 1187 1398 1228 gravis,

960 1231 984 1263 Ο
1011 1240 1101 1270 quam
1126 1231 1193 1262 Deo
1218 1241 1279 1263 vox
1303 1233 1408 1264 suavis

1005 1277 1104 1309 Orans
1134 1286 1202 1308 cum
1226 1277 1359 1310 fiducia:

958 1323 1057 1354 Terra
1080 1324 1176 1354 sentit
1200 1325 1379 1359 violentum,

958 1369 1040 1400 Dum
1064 1378 1212 1408 percussa
1238 1370 1292 1401 dat
1314 1370 1464 1402 fluentum

1006 1415 1080 1446 Sitis
1104 1416 1137 1447 in
1161 1418 1317 1457 remedia3

957 1461 1093 1500 Dignum
1117 1462 1184 1493 Deo
1209 1467 1378 1495 veneratur

958 1507 1041 1547 Dux,
1068 1509 1121 1547 qui
1146 1511 1249 1540 tantus
1269 1511 1500 1549 comprobatur.

1019 1601 1062 1631 In
1088 1603 1119 1633 2.
1145 1600 1371 1634 Nocturno.

1101 1673 1294 1708 Antiphonae.

960 1727 1061 1767 Copia
1085 1728 1243 1767 signorum

1004 1782 1153 1805 vexamen
1179 1776 1244 1816 agit
1267 1778 1463 1818 populorum,

958 1819 1095 1859 Longius
1120 1821 1270 1862 abscedit,

1005 1867 1132 1898 coluber
1145 1870 1232 1899 vetus
1245 1869 1276 1899 in
1293 1870 1376 1908 pede
1392 1871 1500 1905 laedit.

926 1946 933 1953 .
958 1921 1011 1953 Ad
1035 1931 1092 1953 sua
1114 1926 1187 1954 vota
1210 1924 1312 1955 locum

1003 1969 1130 1999 tandem
1154 1970 1274 2007 reperit
1296 1971 1499 2013 placiturum,

957 2014 1036 2045 Inde
1059 2015 1140 2052 petit
1161 2015 1291 2045 Romam

1005 2060 1175 2091 Martinam
1199 2060 1301 2091 visere
1324 2070 1448 2101 papam.

957 2115 1064 2153 Papae
1088 2115 1247 2146 consultor

1008 2161 1105 2191 cellae
1136 2161 1221 2191 redit
1244 2162 1285 2193 ad
1308 2171 1365 2194 sua
1389 2165 1500 2205 cultor,

959 2206 1077 2238 Caecae
1100 2209 1213 2238 natura

1005 2252 1090 2283 cuius
1115 2251 1151 2283 fit
1172 2254 1248 2285 lotio
1275 2263 1359 2290 cura.

300 2330 367 2357 Cod.
380 2329 551 2357 Praedicatt.
567 2331 764 2360 Vindobonen.
786 2342 808 2361 s.
829 2343 857 2361 n.
878 2335 942 2362 add.
962 2342 1038 2361 saec.
1060 2333 1102 2361 14.
1123 2349 1159 2353 —
1180 2337 1251 2365 Dies
1272 2338 1406 2367 Officium
1426 2342 1503 2369 steht

226 2367 277 2395 auf
293 2367 552 2403 Vorsatzblattem3
573 2368 623 2395 das
644 2371 759 2398 weitere
777 2371 855 2398 fehlt.
