1650 2542
656 106 886 141 -71—

253 199 297 230 In
324 199 355 232 1.
381 198 437 230 No
448 202 606 233 cturno.

334 290 527 326 Antiphonae.

162 391 169 399 .
194 366 319 398 Primus
347 366 543 406 imperatorii

194 412 370 452 Gorgonius
396 413 531 444 cubiculi

193 458 362 491 Reddebat
385 468 441 490 sua
466 459 593 491 Caesari

193 507 297 545 Atque
321 505 399 545 Deo,
425 514 508 549 quae
530 509 603 537 sunt
627 506 697 538 Dei.

161 595 167 601 .
193 571 322 603 Occulto
346 569 502 608 tyrocinio

193 616 420 649 Famulabatur
443 616 588 658 Domino,

192 664 271 702 Quia
293 664 385 694 norat
408 663 568 701 gentilium

197 709 423 741 Crudelitatem
446 709 634 750 principum.

161 797 168 805 .
196 773 447 805 Commilitonum
471 773 626 805 mentibus

195 819 378 851 Inculcabat
402 819 553 851 sollicitus

191 865 235 896 Et
257 865 426 904 puritatem
450 864 524 896 fidei

195 911 238 943 Et
261 913 392 950 propter
415 911 516 950 ipsam
541 912 698 944 commori.

321 1012 526 1046 Responsoria.

156 1110 162 1117 .
186 1087 347 1119 Hodierna
370 1086 561 1117 sollemnitas

192 1132 395 1171 Triumphum
422 1132 511 1163 nobis
536 1135 677 1172 renovat,

191 1180 255 1218 Quo
282 1179 383 1209 clarus
408 1178 456 1209 vir
481 1178 654 1217 Gorgonius

189 1225 366 1257 Mundanos
391 1224 467 1255 vicit
491 1223 633 1255 fremitus

190 1273 294 1311 Atque
317 1279 375 1311 per
400 1270 517 1303 Christi
541 1271 674 1309 gratiam

187 1318 323 1351 Intravit
344 1317 411 1356 poli
434 1317 560 1356 regiam.

150 1390 157 1397 .
188 1365 308 1396 Bonum
331 1366 486 1394 certamen
514 1363 653 1404 certavit,

189 1411 321 1443 Cursum
344 1409 577 1449 consummavit,

187 1457 299 1489 Fidem
323 1456 469 1489 servavit.

152 1547 160 1555 .
187 1522 305 1555 Christi
328 1521 417 1552 miles
443 1520 617 1560 Gorgonius

185 1569 333 1607 Tyranno
360 1567 440 1599 dixit
462 1567 649 1598 comminus:

186 1615 252 1647 Iam
276 1623 368 1655 nunc,
393 1612 515 1653 infelix,
542 1613 649 1645 desine

183 1663 221 1694 In
246 1661 439 1694 Christianos
464 1658 577 1703 furere,

183 1709 232 1740 Ne
256 1709 398 1739 incurras
423 1706 579 1747 supplicia

182 1756 245 1787 Pro
270 1754 418 1786 brevibus
442 1755 604 1794 perpetua,

142 1827 149 1834 .
178 1801 341 1842 Suspende
363 1800 476 1832 mentis
501 1799 617 1832 rabiem

182 1848 227 1880 Et
253 1848 410 1887 deponens
435 1845 599 1886 perfidiam

183 1895 273 1926 Time
296 1894 356 1925 Dei
380 1893 542 1925 iustitiam.

146 1987 154 1995 .
181 1959 385 1993 Confessione
408 1958 557 1998 martyris

179 2007 271 2040 Mens
296 2006 501 2046 perturbatur
526 2004 678 2041 Caesaris,

179 2054 260 2086 Esse
285 2054 394 2086 dolens
420 2051 609 2092 Gorgonium

181 2101 401 2133 Christicolam
425 2098 631 2138 verissimum,

179 2148 276 2186 Quem
298 2147 442 2179 tentabat
466 2145 618 2178 reducere

178 2194 322 2225 Vesanae
345 2193 530 2231 idolatriae3

138 2268 144 2275 .
177 2240 377 2272 Tristabatur
399 2248 433 2271 se
459 2239 560 2272 deseri

178 2289 207 2319 A
231 2287 331 2319 milite
353 2289 418 2319 tam
440 2286 540 2318 nobili

176 2335 221 2367 Et
244 2334 321 2366 belli
344 2334 437 2366 rebus
460 2333 542 2365 utili.

921 203 967 234 111
992 204 1024 235 2.
1050 201 1275 234 Nocturno.

997 292 1189 329 Antiphonae.

806 368 822 400 1
831 394 838 402 .
863 366 1093 408 Sacrilegorum
1117 368 1205 400 rabie

859 413 1039 446 Effervente
1063 423 1155 454 quam
1180 416 1315 447 maxime

860 460 988 491 Detexit
1011 461 1082 492 luce
1107 461 1232 501 clarius,

862 507 951 545 Quod
975 507 1035 539 Dei
1060 510 1142 538 esset
1165 506 1309 542 famulus

803 573 834 603 2.
859 572 970 612 Agone
995 575 1103 611 coepto
1127 575 1282 612 martyres

860 618 978 649 Videns
1003 618 1232 658 insuperabiles

859 663 957 695 Nefas
983 665 1131 696 credebat
1154 664 1232 696 fidei

858 710 987 742 Luctam
1012 719 1071 750 per
1094 720 1128 742 se
1151 720 1214 742 non
1238 711 1378 750 aggredi.

803 775 834 806 3.
862 774 1001 806 Firmato
1025 775 1152 806 tandem
1176 775 1279 806 animo

859 819 935 851 Cum
959 821 1117 853 Dorotheo
1141 821 1225 853 socio

860 867 1003 907 Capessit
1023 876 1171 906 praesens
1193 868 1328 899 stadium

858 912 950 944 Vitae
972 916 1151 953 sumpturus
1175 913 1327 947 bravium.

1006 1012 1209 1049 Responsoria.

803 1087 832 1119 1.
859 1087 997 1131 Cessent,
1023 1088 1125 1127 inquit
1147 1091 1276 1129 martyr,
1302 1092 1376 1121 tuae

858 1134 1041 1166 virulentae
1064 1134 1246 1175 blanditiae,

858 1180 978 1211 Fidelis
1002 1181 1035 1212 in
1059 1181 1163 1212 verbis
1188 1182 1251 1212 suis

857 1226 957 1258 Nobis
982 1227 1068 1258 Deus
1094 1236 1157 1259 non
1182 1228 1292 1268 aberit,

857 1273 915 1311 Qui
938 1273 992 1312 pie
1015 1282 1050 1305 se
1074 1274 1293 1313 quaerentibus

853 1318 975 1350 Adesse
1002 1322 1048 1350 est
1073 1320 1253 1360 pollicitus3

815 1391 821 1398 .
851 1365 946 1396 Illum
971 1366 1126 1397 credimus
1152 1367 1309 1408 cordibus,

854 1411 946 1443 Hunc
971 1411 1152 1443 confitemur
1175 1413 1314 1456 vocibus,

854 1458 959 1497 Ipsum
984 1460 1135 1490 testamur
1157 1459 1307 1494 moribus,

820 1546 827 1554 .
852 1523 1016 1555 Permotus
1039 1524 1205 1555 iracundia

853 1569 969 1602 Caesar
992 1571 1102 1609 plenus
1127 1571 1248 1602 malitia

854 1616 962 1648 Virum
987 1619 1128 1648 sanctum
1146 1617 1302 1649 artissimo

852 1662 1047 1703 Maneipavit
1072 1664 1237 1704 ergastulo,

852 1709 897 1741 Ut
920 1709 977 1740 sub
1003 1712 1093 1741 nocte
1119 1710 1302 1750 disponeret

849 1756 954 1796 Illum,
980 1765 1069 1795 quem
1094 1757 1177 1788 male
1199 1758 1366 1798 perderet;

812 1828 819 1835 .
849 1802 1078 1842 Prorumpente
1104 1803 1240 1836 diluculo

851 1850 980 1881 Praesto
1005 1852 1078 1881 sunt
1102 1859 1140 1882 ex
1165 1849 1282 1891 officio,

851 1895 927 1927 Cum
951 1896 1019 1935 quis
1043 1897 1201 1929 tractabat
1224 1899 1345 1930 sedulo.

817 1986 824 1992 .
851 1961 1026 2000 Suspensus
1052 1961 1171 1993 athleta
1194 1962 1255 1994 Dei

850 2007 994 2040 Patibulo
1020 2008 1119 2039 eculei

848 2053 972 2094 Flagris
995 2056 1158 2094 torquetur
1183 2056 1288 2088 nimiis

847 2101 891 2132 Et
914 2101 1048 2133 laniatus
1072 2103 1196 2142 ungulis

847 2147 900 2179 Ad
923 2150 1079 2180 tormenta
1104 2149 1294 2181 distenditur

848 2193 1018 2226 Patefactis
1041 2195 1224 2239 visceribus,

779 2240 815 2272 V.
844 2241 979 2281 Quorum
1004 2250 1165 2282 respersus
1189 2243 1300 2275 intima

849 2287 939 2330 Salis,
966 2289 1047 2320 aceti
1072 2290 1172 2332 copia,

847 2333 915 2365 Nec
938 2344 1040 2375 poena
1063 2335 1182 2368 fractus
1206 2337 1313 2377 impia.
