1650 2542
222 620 289 647 Cod.
314 623 445 648 izossian.
467 631 489 647 s..

218 659 340 684 monten.
362 656 424 684 551.
445 658 475 685 F.

217 731 311 757 culum
332 732 447 758 luminis
468 733 501 759 G.

742 129 990 163 -270-

363 218 408 249 In
433 221 464 251 2.
490 219 703 258 Vesperis.

410 300 454 327 Ad
472 301 648 336 Magnificat.

223 355 262 388 A.
295 355 387 387 Caelo
411 358 559 396 splendor
583 359 728 398 apparuit

337 402 498 435 Ecclesiae
522 404 675 443 bellantis,

294 474 377 500 Brev.
406 483 457 500 ms.
482 475 629 502 Iohannae
653 476 810 510 Ebroicae‚
839 480 955 514 reginae
974 481 1126 516 Franciae‚

219 510 253 536 A.
274 525 309 529 —
337 511 418 537 Brev.
444 520 495 538 ms.
524 511 605 538 Card-
636 513 774 541 Borbonii
794 523 867 542 saec.
891 514 934 543 16.
974 517 1041 545 Cod.
1061 520 1184 548 Parisin.
1207 520 1288 550 1288.
1309 525 1341 550 B.
1363 539 1400 543 —
1420 527 1503 554 Brev.

219 555 271 573 ms.
291 548 512 574 Francisczmum
541 557 614 575 saec.
644 548 685 576 15.
726 551 794 578 Ood.
820 553 951 580 Vatican.
978 553 1061 582 4752.
1084 557 1113 584 G.
1141 574 1177 578 —
1196 560 1279 586 Noct.
1299 570 1351 588 ms.
1372 563 1504 590 Francis-

220 591 321 610 canum
342 592 388 610 sac
395 593 415 610 Ἰ.
438 583 480 611 15.
513 585 580 612 (jod.
596 584 763 621 Lugdunen.
783 587 847 615 476.
861 590 897 616 D.
911 606 949 610 —
960 592 1042 619 Brev.
1064 603 1114 621 ms.
1127 595 1350 625 Franciscanum
1370 608 1443 626 saec.
1460 599 1502 628 15.

513 631 541 648 n.
568 623 602 649 E.
629 639 666 643 -—
693 625 775 651 Brev.
799 634 850 652 ms.
875 627 1098 657 Franciseanum
1125 634 1194 659 anni
1221 631 1301 661 1464.
1347 636 1415 663 (lod.
1445 637 1502 664 Ad-

553 660 634 687 Brev.
659 661 872 689 Tarraconem*
893 665 960 699 imp.
983 667 1160 696 Barcinonae
1181 667 1262 696 1484.
1283 672 1316 699 G.

291 695 332 721 In
358 693 380 720 1.
402 695 501 730 Vfflp.
523 694 568 722 AA
597 706 682 732 super
707 699 754 725 Ps.
784 700 892 735 fehlens
923 703 1034 739 einzige
1053 703 1075 729 A
1096 714 1158 741 sup.
1178 706 1224 733 Ps.
1245 708 1411 737 Ludovicus
1438 720 1501 739 vas-

585 733 606 759 A
632 734 654 766 1,
678 734 691 762 1
712 744 753 769 sq.
783 737 947 765 Ludovicus
967 742 1044 775 regis
1063 741 1140 768 filius
1160 744 1191 770 F.
1212 759 1249 763 —
1269 743 1290 770 A
1311 745 1342 778 4,
1364 745 1381 775 3
1404 749 1500 776 vexus

216 770 297 801 pater
324 768 359 794 E.
380 782 415 786 —
434 769 479 795 Ad
508 770 604 805 Magn.
637 770 676 805 A,
703 771 719 799 9
746 782 787 809 sq.
821 774 877 801 Sed
908 773 1076 813 dei—ponens]
1108 780 1231 807 laetatur
1257 783 1287 808 in
1320 784 1434 817 hymnis
1464 786 1499 818 E,

216 805 366 839 Reponms
386 806 509 832 lactatur
523 808 554 833 in
566 809 641 842 ymis
655 809 686 836 F.
702 826 737 829 —
756 811 841 837 Iuvit.
854 809 871 837 2
891 813 970 839 cordi
990 816 1130 843 concorda
1143 817 1178 843 E.
1195 833 1228 837 —
1248 819 1321 846 Ibid.
1333 819 1350 848 3
1365 822 1399 848 In
1419 824 1501 850 cuius

217 843 331 868 sanctus
345 842 508 869 Ludoviffls
523 844 561 878 E;
576 845 610 871 In
624 848 705 873 cuius
719 849 798 874 stans
808 848 901 883 gloria
911 849 942 876 F.
955 864 990 869 —
1000 852 1073 878 Ibid.
1087 851 1106 880 4
1117 854 1284 889 Congaudet
1295 858 1406 892 gloriae
1416 859 1450 886 E.
1467 875 1501 878 —

214 878 256 904 1n
279 877 301 904 1.
321 879 347 905 N
356 882 426 905 oet.
449 879 470 904 A
494 878 517 913 1,
535 879 552 908 3
572 882 644 916 legis
664 883 807 911 dexteram
821 885 856 911 E.
872 900 907 904 ff
929 885 948 911 Β
972 886 994 922 1,
1018 887 1032 915 1
1056 890 1221 918 Ludovieus
1242 895 1274 919 ut
1292 897 1401 922 amicus
1415 897 1449 924 G.
1465 912 1499 916 -

286 936 292 947 „
307 916 324 942 ὃ
346 915 508 943 Salomonis,¹
527 918 585 945 EF.
600 933 630 937 —
649 920 689 947 In
709 919 734 947 2.
754 922 852 949 Noct.
870 921 892 948 A
916 922 929 950 1

215 951 348 979 lactentis
363 953 395 980 G.

962 223 1044 255 Dum
1069 224 1248 257 Ludovicus
1275 228 1388 259 claruit

1010 270 1126 302 Stellae
1149 281 1236 304 more
1257 274 1413 317 micantis,

963 316 1056 348 Cuius
1079 326 1175 356 prece
1198 319 1371 360 perficitur,

960 361 1025 393 Nos
1051 366 1082 394 et
1105 364 1237 397 heredes
1262 365 1359 399 faciat.

1007 409 1093 441 Iesus
1118 411 1204 443 urbis
1228 413 1385 446 laetantis,

933 923 972 956 ,4
991 926 1057 953 dum
1076 928 1208 956 valeatur
1225 929 1258 957 G.
1278 945 1315 949 —
1335 931 1357 957 A
1378 934 1409 967 3,
1426 932 1444 960 2
1462 934 1501 960 Et

460 953 481 979 A
496 952 521 987 3,
535 953 555 981 4
574 956 635 989 Quo
656 966 706 984 rex
720 957 752 985 G.
773 972 809 977 —
824 957 843 984 Β
865 958 891 993 2,
906 959 925 987 4
943 962 1069 990 Resucat
1080 964 1115 990 E.
1130 981 1165 985 —-
1182 964 1202 991 Β
1216 963 1242 999 3,
1257 965 1275 994 3
1294 977 1400 997 nocens
1414 971 1447 998 G.
1464 986 1496 990 ——

214 988 299 1015 1113.
320 990 421 1016 vorat.
450 989 471 1015 A
497 990 521 1024 2,
545 990 558 1018 1
586 996 759 1027 praevenisti
787 996 910 1024 Domine
934 998 966 1025 G.
994 1015 1030 1018 —
1056 999 1077 1026 A
1105 1000 1136 1032 2,
1159 1001 1176 1028 2
1205 1003 1376 1034 Benedictus
1403 1008 1436 1035 G.
1462 1024 1488 1027 —

216 1022 236 1049 Β
259 1024 287 1058 1,
308 1024 340 1052 11
363 1035 403 1061 sq.
434 1026 529 1062 Sopiis
550 1029 677 1064 leprosos
690 1032 724 1058 E.
744 1046 781 1050 ——
802 1031 821 1058 Β
848 1032 865 1059 2

214 1061 306 1088 fecisti
318 1064 473 1090 munimine
484 1065 522 1100 E;
537 1065 615 1093 Pers(
622 1069 686 1094 cisti
697 1069 771 1095 Dom

214 1096 264 1124 der
293 1100 360 1126 Hss.
391 1108 453 1126 emt²
473 1101 551 1128 Zeile
579 1112 615 1130 zu
639 1105 747 1138 femen,

216 1133 239 1160 1.
260 1136 359 1171 Vesp.:

891 1035 963 1062 fehlt
980 1036 1040 1064 EF.
1061 1053 1095 1057 —-
1115 1040 1157 1066 In
1176 1041 1284 1077 Lei-ud.
1305 1041 1327 1068 A
1347 1043 1374 1077 4,
1395 1044 1412 1071 5
1432 1046 1497 1073 Per-

773 1071 820 1097 ine
835 1070 867 1097 G.
891 1072 933 1099 Es
947 1073 1060 1101 scheint
1068 1078 1142 1102 trotz
1152 1077 1498 1118 derUbereinstimmung

778 1109 862 1133 etwa:
888 1109 1030 1137 Ludovici
1057 1115 1200 1140 mentem?

597 1303 642 1334 94.
672 1304 714 1334 De
734 1313 758 1335 s.
779 1306 928 1340 Ludovico
948 1310 1104 1352 Episcopo.

342 1369 385 1399 In
416 1370 446 1400 1.
472 1369 688 1409 Vesperis.

416 1450 607 1486 Antiphonae.

222 1514 251 1546 1.
277 1514 392 1545 Tecum
418 1515 476 1547 fuit
501 1519 700 1562 principium,

321 1561 418 1592 Beate
442 1563 611 1607 Ludovice,

275 1606 430 1638 Virtutum
454 1608 596 1642 Christus
621 1614 754 1644 omnium

321 1653 382 1684 Pro
406 1656 586 1687 meritorum
612 1659 687 1691 vice.

218 1709 248 1738 2.
274 1707 358 1739 Mira
381 1710 609 1748 magnificentia

319 1754 488 1786 Praefulsit
510 1757 646 1798 virtuali,

274 1798 364 1830 Cuius
386 1802 499 1832 mansit.
522 1804 640 1836 iustitia

319 1846 394 1878 Cum
417 1849 515 1887 gradu
540 1852 700 1888 pastorali.

214 1902 244 1933 3.
269 1901 422 1934 Exortum
448 1907 495 1934 est
518 1906 548 1936 in
573 1907 710 1939 tenebris

317 1949 513 1981 Praeclarum
538 1953 630 1984 rectis
655 1954 768 1994 lumen,

269 1993 357 2030 Quod
381 1995 413 2026 in
437 1999 468 2026 te
493 1998 566 2029 Sion
591 2000 720 2032 latebris

314 2040 476 2078 Impressit
499 2043 616 2076 Christi
640 2056 762 2082 numen.

211 2095 242 2126 4.
269 2093 321 2125 Sic
345 2103 383 2125 ex
408 2099 540 2129 terrenis
565 2101 675 2139 opibus

313 2140 406 2172 Hunc
430 2142 514 2175 Deus
539 2147 700 2180 suscitavit

266 2187 310 2218 Et
334 2195 401 2218 cum
425 2190 473 2219 sui
497 2191 690 2232 principibus

313 2234 426 2272 Populi
452 2236 624 2271 collocavit.

211 2292 240 2322 5.
266 2289 364 2320 Deum
390 2290 497 2323 laudet
519 2303 596 2332 prae
620 2298 730 2329 ceteris

311 2335 395 2367 Urbs
421 2337 485 2369 eius
509 2339 664 2374 Tolosana

946 1379 1008 1411 Pro
1033 1381 1120 1420 signo
1144 1384 1223 1414 tanti
1248 1383 1386 1418 foederis

990 1426 1100 1459 Laude
1123 1430 1315 1468 quotidiana.

1061 1500 1106 1527 Ad
1125 1502 1300 1538 Mag-nificat.

875 1554 915 1586 A.
947 1554 971 1585 Ο
997 1554 1074 1588 felix
1097 1558 1251 1599 Mamilia,

990 1606 1100 1641 portus
1125 1606 1282 1647 salutaris,

942 1646 1135 1681 Ludovicum
1159 1653 1296 1693 posside,

987 1695 1073 1726 cuius
1095 1697 1263 1730 illustraris

941 1738 1042 1778 Signis
1070 1745 1101 1772 et.
1123 1745 1276 1784 prodigiis

985 1787 1069 1818 velut
1093 1790 1186 1821 stella
1210 1792 1316 1831 maris,

937 1831 990 1862 Ad
1016 1836 1047 1864 te
1071 1840 1200 1868 currunt
1223 1839 1352 1878 proprie

986 1881 1089 1911 cuncti
1112 1883 1277 1924 patientes,

938 1924 1035 1956 Orant
1059 1933 1089 1958 et
1113 1930 1271 1969 accipiunt

985 1972 1096 2004 devote
1119 1978 1273 2017 petentes,

936 2016 1147 2053 Revertantur
1170 2031 1322 2063 prospere

982 2066 1050 2096 sani
1074 2069 1311 2107 congaudentes.

999 2167 1059 2199 Ad
1082 2168 1343 2206 Matutinum.

1061 2250 1273 2280 Invitatorium.

931 2304 1057 2347 Regem,
1084 2307 1136 2345 qui
1160 2310 1241 2349 regit
1264 2314 1376 2352 omnia,

980 2351 1100 2383 Chorus
1125 2353 1232 2387 laudet
1256 2363 1408 2402 sacratus,

1153 483 1172 518 †
1193 483 1263 512 1371
1292 487 1506 523 (Privatbesitz)

386 1137 529 1173 ‘Vergmte
548 1140 644 1167 mundi
664 1150 783 1176 vespere
809 1141 903 1178 (Anal.
925 1147 967 1173 IV
990 1148 1040 1175 Nr.
1066 1147 1121 1177 345
1148 1151 1206 1177 und
1231 1117 1497 1187 3441-ξγὲἶιῗεῧοεξῃ

212 1172 610 1245 ssssffiqtmIeIdffi-msssgentium
635 1176 717 1210 (Ibid.
744 1180 793 1207 Nr.
814 1178 868 1207 347
888 1183 946 1209 und
965 1181 1044 1218 348):
1072 1187 1108 1213 ad
1133 1188 1263 1215 Laudes:
1289 1192 1403 1219 Aurora
1422 1194 1495 1220 lucis
