1650 2542
711 141 966 176 -261-

358 231 375 262 I
384 240 405 261 n
427 230 456 262 L
465 240 484 262 a
491 241 512 262 u
521 232 589 263 dib
599 243 619 264 u
628 243 652 268 s.
879 239 908 270 5.
933 237 1059 270 Laudes
1066 239 1184 271 utinam
1193 240 1301 279 dignas
1309 240 1479 273 referamus

933 284 1029 316 Beato
1054 285 1161 325 Lucio,

405 323 596 357 Antiphonae.
932 331 993 363 Pro
1019 332 1104 362 cuius
1130 332 1261 363 victoria
1285 335 1456 372 martyrum

209 397 237 427 1.
266 396 357 427 Hanc
380 400 520 429 sanctam
546 400 679 443 domum,
936 377 1054 409 Chorus
1078 378 1187 409 laudet
1209 378 1384 411 Dominum.

262 444 300 475 In
325 452 387 482 qua
410 444 573 483 quiescunt
597 448 688 479 Lucii
1046 451 1090 477 Ad
1112 451 1294 478 Benedictus.

262 488 412 521 Sassrafae
437 491 597 532 reliquiae,
864 505 903 537 A.
935 506 959 537 O
982 505 1074 537 beata
1097 508 1243 546 martyris

264 535 363 567 Decet
386 546 449 589 pax
471 541 506 590 ’et
530 540 706 591 sanctitudo
981 555 1012 582 et
1036 554 1187 591 praesulis
1211 555 1389 594 praeconia,

262 582 300 613 In
324 583 521 622 long1tudme
547 585 676 619 (herum.
934 598 1030 636 Quem
1053 599 1225 630 laureatum

205 638 236 669 2.
262 637 449 670 Beatissimo,
473 641 608 680 praesul,
980 644 1012 674 in
1038 645 1130 675 caelis
1153 646 1276 685 agmina

263 683 320 721 Qui
345 684 428 715 inter
452 694 543 716 rosea
932 690 969 721 In
993 699 1081 721 suum
1107 692 1293 723 consortium

261 730 439 769 Martyrum
461 732 584 770 agmina
932 735 1113 775 Suscipiunt
1135 738 1285 777 angelica,

260 776 396 807 Mirifice
420 777 577 819 splendes,
931 782 1015 813 Tuos
1040 783 1196 821 supplices
1222 793 1370 817 conserva

260 822 326 854 Nos
351 823 409 854 tibi
433 824 591 862 supplices
931 828 974 859 Et
999 837 1018 859 a
1042 829 1221 860 criminibus

261 869 392 900 Tuearis
417 872 511 909 atque
535 870 695 903 defendas.
931 874 1077 906 Emuuda
1101 878 1131 906 et
1156 879 1251 915 terge.

206 926 236 957 3.
262 925 432 957 Benedixit
455 925 556 956 Deum

258 972 297 1048 {¹1¹
321 973 386 1002 ma
410 980 467 1023 ,5Πῆ
506 1018 512 1024 .
995 995 1040 1025 In
1067 997 1097 1026 2.
1124 995 1338 1034 VesperiS.

295 1020 384 1058 artyr
407 1021 477 1055 lste,
503 1018 576 1049 ideo

257 1063 422 1095 Exaltavit
446 1072 525 1104 eum,
1046 1067 1091 1093 Ad
1108 1066 1283 1102 Mag-nificat.

256 1109 473 1141 Beatifissa‘sslm
859 1122 900 1154 A.
931 1121 1088 1153 Christum
1114 1124 1269 1155 caelorum

259 1156 428 1187 Patronum
451 1156 525 1187 huic
549 1157 708 1190 ecclesiae.
930 1168 1045 1208 Regem
1071 1172 1103 1200 et
1125 1170 1291 1201 Dominum

201 1213 233 1244 4.
260 1211 380 1251 Omnia,
394 1220 474 1250 quae
486 1214 650 1243 moventur
661 1213 693 1242 in
703 1214 800 1255 aquis,
929 1214 1111 1254 Magnificet
1133 1225 1242 1255 agmen
1265 1218 1455 1257 praesulum,

256 1257 440 1288 Benedicite
463 1257 639 1298 Dominum,
930 1261 988 1299 Qui
1011 1261 1041 1292 in
1060 1271 1145 1293 suum
1165 1271 1287 1295 sacrum
1310 1264 1471 1303 collegium

255 1304 314 1342 Qui
336 1304 370 1335 in
394 1304 599 1336 translatione
929 1306 1140 1346 Susceperunt
1147 1311 1317 1348 martyrem
1325 1309 1471 1350 Lucium3

302 1350 393 1381 Lucii
417 1351 565 1390 martyris
926 1353 1011 1392 Ergo
1036 1354 1117 1392 petit
1139 1363 1195 1386 sua
1219 1354 1348 1394 familia,

253 1396 305 1427 Ex
330 1396 451 1427 Baltico
476 1397 556 1427 mari
581 1398 733 1428 exterruit
929 1399 974 1431 Ut
996 1408 1054 1438 per
1079 1401 1144 1431 eius
1169 1402 1325 1440 magnalia

256 1442 418 1473 Horribile
443 1443 649 1475 daemonium.
927 1445 1082 1477 Decantet
1105 1446 1172 1478 Deo
1199 1448 1338 1487 gloriam.

263 1526 345 1552 Brev.
372 1525 578 1553 Roschildense
604 1528 673 1561 imp.
698 1527 820 1555 Parisiis
849 1526 929 1555 1517.
954 1529 988 1555 A.
1016 1543 1052 1547 —
1071 1530 1155 1556 Brev.
1184 1530 1379 1558 Aarhusiense
1404 1532 1470 1567 imp.

185 1562 347 1589 Aarhusiae
370 1560 449 1589 1519.
464 1563 496 1590 B.
511 1578 547 1582 —
561 1564 645 1591 Brev.
661 1564 818 1592 Othinense
838 1566 905 1601 Imp.
920 1566 1052 1593 Lubecae
1068 1565 1146 1593 1497.
1162 1567 1193 1593 C.
1207 1581 1245 1585 —
1263 1568 1304 1594 In
1326 1566 1350 1594 1.
1370 1569 1435 1595 Vet
1445 1578 1472 1604 p.

184 1599 276 1633 Super
294 1600 342 1627 Ps.
366 1600 459 1627 haben
479 1600 528 1628 BC
547 1610 601 1628 nur
621 1602 686 1629 eine
705 1601 742 1628 A:

520 1647 543 1674 O
564 1650 673 1683 martyr
693 1648 767 1675 Luci
787 1649 962 1682 beatissime,

519 1685 621 1712 Honor
640 1687 669 1713 et
686 1686 751 1712 laus
771 1688 887 1713 nostrae
907 1688 1081 1722 provinciae,

521 1723 577 1756 Qui
598 1723 749 1750 ecclesiam
768 1723 1007 1751 Roschildensem

517 1760 580 1787 Tuo
600 1760 680 1787 foves
700 1761 815 1795 proprio

518 1798 678 1824 Decoratus
699 1799 847 1833 sanguine,

517 1834 643 1861 Caelesti
662 1835 805 1862 resultans
825 1837 856 1862 in
877 1837 999 1871 agmine,

516 1871 562 1898 Ad
579 1873 609 1898 te
629 1873 850 1907 suspirantibus,

513 1909 635 1936 Intende
653 1910 718 1942 tibi,
739 1917 923 1944 quaesumus,

515 1946 743 1974 Famulantibus.

178 1991 200 2056 ἓ
222 1991 247 2057 ξ),
269 1991 287 2057 Ξ
302 1993 376 2057 ¹{Qies
384 1993 467 2058 :Bgui
489 1994 567 2020 cives
588 1993 622 2020 de
642 1993 778 2021 lucerna?
790 2008 825 2012 —
848 1993 870 2020 Α
885 1993 911 2028 5,
923 1993 941 2023 3
954 1996 1038 2023 Lies:
1060 2004 1134 2031 quae
1152 1996 1250 2024 lucet?
1263 2012 1301 2016 —
1313 1996 1357 2023 Ad
1370 1998 1469 2034 Magn.

235 2039 272 2058 au
286 2039 301 2058 e
333 2039 365 2058 111
441 2040 448 2057 z

532 2077 701 2112 Magnifieet
719 2079 814 2105 contio
834 2082 934 2107 nostra
953 2080 1109 2107 Dominum

534 2115 592 2143 Per
613 2117 744 2143 sanctum
763 2116 894 2151 Lucium,

535 2152 706 2180 Pontificem
725 2154 884 2188 mirificum,

539 2192 595 2225 Qui
614 2199 694 2218 mare
713 2191 865 2225 Balticum,

534 2228 677 2256 Periculis
698 2229 817 2262 invium,

534 2266 586 2293 Sui
607 2267 711 2300 capitis
734 2267 967 2295 transfretatione

536 2304 620 2331 Fecit
637 2305 730 2340 magis
752 2305 892 2339 pervium,

539 2342 674 2375 Quietum
694 2344 723 2369 et
742 2342 944 2377 tranquillum;

535 2379 614 2416 Ergo
634 2388 783 2415 precemur
801 2379 893 2414 illum,
