1650 2542
683 126 933 161 —129—

238 214 351 254 Iesum,
377 225 468 255 quem
491 218 602 251 illicite
906 223 1098 255 Assedentes
1123 223 1251 255 umbrae
1274 223 1392 262 mortis,

241 260 397 300 Negastis,
424 272 506 294 nunc
529 265 662 299 induite.
908 269 986 301 Viae
1009 269 1096 308 pacis
1120 272 1156 300 ut
1180 273 1339 301 consortes

182 325 214 356 5.
241 325 384 358 Laudate
408 328 508 359 Deum
533 330 660 371 gloriae,
952 315 1079 351 Forent’
1105 316 1151 347 Sic
1175 316 1299 349 direXit·

243 371 304 403 Per
328 382 418 412 quem
443 379 620 415 assumptus
643 378 736 411 hodie

285 418 399 450 Servus
428 424 476 452 est
498 421 612 463 fidelis,
974 398 1019 430 In
1045 400 1074 430 2.
1103 398 1315 438 Vesperis.

239 464 298 502 Qui
324 469 401 505 oret,
426 470 462 498 ut
484 468 635 500 laetitiam
1021 463 1067 490 Ad
1085 462 1259 498 Magnificat.

237 510 343 542 Donet.
367 516 398 543 et
422 513 512 545 nobis
537 516 667 554 gratiam
836 511 874 541 A.
904 510 1004 541 Huius
1029 511 1131 542 sancti
1152 510 1286 550 gloriose

283 557 435 590 Dominus
462 560 502 591 de
526 562 631 595 caelis,
951 556 1072 587 Rutilat
1095 556 1296 599 sollemnitas,

905 603 1000 641 Quem
1024 603 1192 642 assumpsit
1216 603 1356 642 vigorose

353 658 397 685 Ad
416 660 596 689 Benedictus.
952 648 1053 680 Caelis
1077 648 1137 680 Dei
1161 649 1293 690 bonitas,

903 694 948 726 Ut
966 694 1012 725 ibi
1036 703 1091 726 nos
1115 695 1240 726 radiose

163 731 201 762 A.
232 732 423 766 Benedictus
448 744 491 775 es,
516 736 659 776 Domine,
950 741 1110 772 Inumjnet
1134 741 1291 780 divinitas,

235 778 302 810 Tuo
327 789 461 820 namque
485 784 611 815 numine
903 787 964 818 Pro
987 787 1076 818 nobis
1101 790 1168 818 oret
1192 787 1331 818 studiose

279 825 411 858 Iacobus
437 829 538 860 erexit
948 833 1055 864 1acobi
1079 834 1237 865 sedulitas,

238 890 306 918 cod.
321 893 453 920 Beverin.
475 892 537 920 672.
558 902 632 921 saec.
652 894 695 922 15.
716 910 752 915 —
771 895 825 922 Am
842 896 969 923 Schluss:
991 897 1138 931 „Explicit
1155 897 1280 923 historia
1293 897 1328 924 de
1342 900 1441 924 saneto

161 926 268 954 Iacobo
280 948 287 960 ,
318 930 396 957 edita
420 930 571 957 Hildesem
600 939 672 959 anno
703 933 820 959 Domini
844 933 1012 960 MCCOGVI
1041 934 1076 960 ad
1104 934 1208 960 festum
1237 934 1314 960 beati
1343 934 1442 961 Iaoebi

160 965 279 992 maioris
294 975 312 994 a
326 968 457 1002 quodam,
478 977 517 994 nc
528 977 605 995 men
624 970 724 996 euius
745 972 928 997 monstrat
940 970 1086 1005 hymnus
1100 979 1183 1005 vesp
1192 971 1314 998 eralis.
1335 973 1443 1005 scripta

161 1001 313 1030 Hildesem
331 1013 382 1040 per
391 1005 557 1032 Tidericum
569 1006 749 1033 Lindemann
764 1008 795 1033 in
810 1007 916 1034 scholis
929 1007 1067 1034 ecclesiae
1079 1007 1187 1034 Montis
1202 1009 1294 1034 sancti
1309 1008 1441 1034 Mauritii

160 1040 243 1065 extra
268 1050 380 1068 murum
400 1043 527 1069 civitatis
547 1041 724 1070 Hildesem.“
762 1044 823 1071 Das
843 1044 997 1071 Akrostich
1018 1044 1066 1071 des
1086 1044 1289 1071 bezeichneten
1308 1045 1441 1078 Hymnus

162 1075 255 1103 lautet
275 1076 536 1112 „Ghiselerus“.
576 1080 680 1107 Dieser
698 1088 757 1107 war
776 1081 909 1108 Deehant
923 1081 972 1108 des
993 1081 1075 1108 Stifts
1095 1080 1136 1108 St.
1156 1081 1287 1108 Maur-itii
1309 1081 1360 1108 auf
1376 1082 1439 1108 dem

162 1111 264 1153 Berge.
296 1115 429 1149 Liintzel,
450 1116 551 1143 Gesch.
566 1117 592 1143 d.
605 1118 729 1144 Diiicese
748 1118 807 1144 und
827 1117 911 1145 stadt
922 1118 1103 1145 Hildesheim
1116 1118 1154 1145 Π.
1175 1115 1243 1145 375:
1266 1119 1330 1153 „An
1352 1121 1439 1145 etwas

161 1149 464 1180 Wlssenschaffliches
490 1154 617 1180 erinnert
641 1155 746 1181 einmal
766 1156 797 1181 in
817 1155 856 1182 all
876 1155 984 1182 diesem
1003 1156 1114 1182 wiisten
1131 1155 1256 1182 Treiben
1276 1175 1283 1181 .
1304 1175 1310 1181 .
1346 1175 1352 1188 ‚
1378 1156 1439 1182 dass

159 1187 210 1213 der
228 1188 350 1216 Bischof
375 1191 413 1216 im
433 1190 523 1218 Jahre
551 1189 622 1218 1405
647 1192 841 1228 genehrnigte,
867 1192 930 1219 dass
957 1194 1021 1219 eine
1039 1201 1096 1219 neu
1115 1192 1366 1228 herausgegebene
1386 1193 1439 1221 Gre-

159 1224 287 1252 sehiehte
307 1227 356 1253 des
369 1227 507 1262 Apostels
521 1227 652 1254 Jakobus
673 1229 723 1255 des
735 1229 860 1263 Alteren,
881 1230 989 1256 welche
1008 1230 1142 1265 beginnt:
1167 1231 1283 1257 Donata
1300 1230 1439 1257 beneficia

160 1261 219 1287 und
239 1264 372 1290 woriiber
386 1264 571 1291 Professoren
590 1265 640 1292 der
652 1265 810 1301 Theologie
833 1267 896 1293 dem
909 1267 1044 1294 Bisehofe
1057 1267 1175 1294 Bericht
1187 1269 1318 1295 erstattet
1329 1268 1437 1300 hatten,

160 1299 191 1325 in
213 1299 263 1326 der
281 1301 390 1328 Kirehe
408 1301 457 1328 des
477 1301 516 1328 hl.
535 1302 640 1329 Moritz
660 1304 750 1330 sowie
769 1304 800 1330 in
819 1304 943 1330 anderen
962 1304 1089 1330 Kirchen
1109 1306 1202 1331 seines
1217 1303 1370 1340 Sprengels
1390 1313 1438 1339 ge-

159 1335 239 1363 lesen
261 1338 319 1364 und
339 1346 486 1374 gesungen
505 1339 607 1372 werde,
629 1340 720 1367 wobei
735 1349 765 1367 er
773 1340 876 1374 jedem,
897 1340 1019 1367 welcher
1032 1342 1076 1367 sie
1087 1341 1148 1367 lese
1161 1341 1229 1367 oder
1244 1343 1333 1377 singe.
1354 1343 1438 1368 einen

157 1374 384 1410 vierzigtssagigen
416 1376 516 1403 Ablars
546 1385 603 1403 von
632 1377 681 1404 der
712 1377 887 1413 auferlegten
916 1378 1004 1404 Busse
1033 1375 1206 1413 zugesteht.“
1258 1379 1317 1405 Der
1346 1379 1438 1405 Nnme

158 1409 285 1438 Giselers
312 1411 395 1444 (auch
423 1413 499 1440 wohl
520 1413 627 1441 Giseke
652 1414 710 1441 und
732 1414 867 1448 Ghyseke
891 1415 1088 1450 geschrieben)
1111 1415 1223 1441 kommt
1242 1416 1386 1442 mehrfach
1406 1417 1438 1442 in

155 1447 317 1475 Urkunden
343 1458 396 1476 vor
420 1451 464 1477 bis
488 1459 553 1477 zum
572 1451 662 1478 Jahre
691 1449 777 1485 1423;
803 1452 861 1487 vgl.
881 1452 1008 1486 Dfflvner,
1031 1452 1265 1480 Urkundenbuch
1285 1452 1335 1479 der
1354 1452 1438 1479 stadt

153 1483 336 1512 Hildesheim
346 1487 399 1520 ΠΙ,
411 1488 464 1514 No.
479 1485 521 1519 15,
534 1485 596 1520 634,
608 1486 670 1521 670,
682 1486 745 1521 984,
760 1487 840 1516 1107.
850 1489 1042 1523 ——Hymnem
1056 1489 1101 1515 Ad
1111 1489 1213 1524 Vespa
1225 1489 1320 1517 Cri-ate<
1338 1490 1436 1516 demus

154 1523 183 1547 et
201 1525 349 1550 cantemus
363 1523 458 1558 (Anal.
472 1524 582 1558 XXIII,
605 1524 681 1561 198);
702 1526 739 1553 ad
751 1526 859 1553 Laud-z
879 1527 975 1553 Huius
995 1526 1053 1553 diei
1066 1526 1161 1561 gloria
1174 1527 1271 1560 (Mone
1288 1527 1342 1562 III,
1365 1525 1435 1561 104).

600 1653 650 1684 44.
683 1654 727 1685 De
746 1654 850 1685 sancto
870 1654 987 1685 Iacobo.

290 1740 336 1772 In
364 1741 392 1773 l.
422 1742 635 1781 Vesperis,
888 1733 921 1763 in
947 1732 1064 1763 deitate

889 1778 1076 1810 mirabiliter
1100 1777 1368 1816 transformatum,

330 1832 376 1859 Ad
395 1834 571 1870 Magnificat.
887 1825 1000 1858 exaudi
1014 1834 1123 1865 preces
1136 1828 1260 1856 tuorum
1271 1834 1433 1857 servorum

889 1876 921 1905 et
942 1872 1105 1904 intercede
1129 1880 1187 1911 pro
1208 1875 1317 1905 nostra
1332 1873 1434 1904 salute

148 1909 186 1938 A.
218 1908 242 1939 Ο
268 1908 322 1939 ῙΠΧ
348 1911 379 1939 et
405 1909 499 1940 deGUS
523 1909 704 1954 Hispaniae,
888 1919 1084 1958 omniumque
1107 1919 1306 1959 ΡοΡΠῙΟΓ-Πω,

218 1955 415 1986 sanctissime
438 1956 560 1999 Iacobe‚

216 2002 360 2041 apostole
383 2002 453 2042 Dei,

216 2048 269 2087 qui
292 2048 374 2080 inter
401 2050 559 2088 apostolos
955 2059 1016 2091 Ad
1039 2058 1303 2093 Matutinum.

215 2095 385 2134 primatum
408 2099 517 2128 tenens

214 2141 334 2181 Primus
359 2151 466 2176 eorum
490 2145 641 2184 martyrio
1016 2162 1228 2190 Invitatorium.

215 2188 374 2221 laureatus
396 2198 439 2228 es,

214 2243 231 2265 o
256 2234 414 2273 singulare
436 2237 638 2279 praesidium,
885 2238 1003 2277 Regem
1026 2247 1135 2278 regum
1159 2240 1323 2271 adoremus

216 2280 268 2320 qui
292 2281 400 2312 videre
423 2283 564 2314 meruisti
886 2285 931 2315 Et
954 2284 1100 2316 Iacobum
1124 2286 1303 2318 invocemus

218 2327 448 2367 redemptorem
473 2330 575 2362 adhue
595 2331 759 2362 mortalem
933 2330 970 2361 In
997 2335 1166 2371 conspectu
1189 2332 1329 2364 Domini.

200 2395 221 2417 D
227 2401 239 2416 r
244 2401 257 2418 e
262 2401 277 2417 v
283 2400 312 2417 es
318 2412 325 2422 ,
340 2394 461 2419 Historiae
474 2397 626 2425 rhythmicae.
657 2397 694 2421 VI.
1246 2394 1263 2423 9
