1650 2542
765 130 1013 163 —226—

319 223 406 260 Quod
428 231 528 263 neque
549 223 730 255 Heinricum

316 268 383 300 Nec
407 277 587 309 quemquam
608 269 738 300 alterum
755 269 855 300 virum

319 315 445 347 Carnali
472 316 602 354 cognovi
626 315 761 352 crimine,

314 360 366 391 Sic
389 360 503 392 adiuva
526 369 575 391 me
599 361 740 392 Domine.

250 406 287 438 V.
318 406 386 437 Hoc
411 406 493 438 dicto
517 407 600 438 nudo
625 407 754 445 vestigio

372 460 455 490 mper
476 460 616 483 vomeres
640 452 767 483 incessit

314 499 357 530 Et
381 497 447 528 sine
469 498 640 529 adustionis

358 543 500 575 molestia
524 544 675 576 discessit.

372 665 420 696 In
445 664 473 695 3.
499 663 721 696 Nocturno.

452 745 643 780 Antiphonae.

257 803 286 834 1.
312 802 410 833 Beata
433 801 636 841 Kunegundis

314 848 391 880 Cum
416 847 561 886 operibus
586 847 708 878 mundis

312 894 356 925 Et
378 893 529 925 castitatis
553 894 653 932 gloria

312 940 438 971 Domini
460 940 591 971 intravit
613 940 703 973 atria.

259 1007 289 1038 2.
315 1004 446 1036 Laetata
470 1006 517 1034 est
538 1004 571 1035 in
594 1004 727 1035 Domino

312 1050 408 1089 Virgo
433 1050 550 1088 gloriae

310 1096 354 1128 Et
377 1094 518 1126 confessa
541 1095 792 1127 sanctificationis

310 1142 386 1173 Eius
409 1142 584 1173 memoriae.

256 1209 285 1239 3.
314 1207 456 1238 Salutare
479 1214 566 1236 suum
591 1206 739 1238 Dominus

311 1253 364 1284 Illi
387 1250 560 1283 notificavit

309 1298 353 1330 Et
375 1298 407 1328 in
433 1300 600 1336 conspectu
624 1299 760 1337 gentium

310 1345 346 1376 In
372 1352 409 1374 ea
432 1344 592 1375 revelavit.

443 1435 645 1469 Responsoria.

254 1490 283 1524 1.
309 1490 446 1529 Reginae
467 1491 591 1522 thorum

353 1537 581 1568 immaculatum

308 1583 427 1613 Auctor
452 1582 592 1614 diabolus

351 1629 542 1667 inquinatum

307 1675 469 1706 Maculare
493 1675 648 1715 cogitavit,

308 1721 405 1758 Quam
429 1720 513 1751 Deus
537 1722 682 1753 mundam

355 1766 576 1805 comprobavit.

238 1813 276 1845 V.
304 1812 391 1843 Haec
415 1815 462 1843 est
485 1812 593 1851 regina

349 1858 545 1898 Aethiopiae,

307 1904 391 1942 Quae
414 1905 500 1935 venit
523 1905 633 1937 audire

352 1951 448 1982 verba
471 1951 651 1990 sapientiae.

250 2016 280 2045 2.
307 2015 343 2046 In
369 2017 455 2045 casta
480 2014 620 2047 Christus
646 2017 765 2056 virgine

352 2060 419 2091 Sibi
444 2061 631 2099 desponsata

306 2105 450 2138 Servavit
470 2107 537 2138 sine
562 2108 689 2140 crimine

352 2152 496 2184 Foedera
518 2152 649 2192 firmata,

306 2198 388 2229 Dum
411 2207 469 2237 per
491 2199 595 2238 ignem
618 2202 744 2234 transiit

349 2245 473 2284 Expers
496 2245 651 2289 laesionis,

306 2291 385 2323 Inde
408 2292 507 2323 virtus
531 2293 650 2330 prodiit

350 2337 485 2369 Divinae
508 2338 661 2373 iussionis

913 221 950 253 V.
982 221 1067 261 Ignis
1091 229 1156 252 eam
1183 230 1242 252 non
1268 220 1373 260 tetigit

1028 267 1095 298 Nec
1119 267 1288 306 quidquam
1314 267 1511 298 contristavit

983 313 1092 353 Neque
1114 314 1228 344 malum
1253 313 1370 355 intulit,

1029 360 1126 399 Quam
1150 359 1229 391 fides
1253 360 1423 391 roboravit.

946 449 951 455 .
977 424 1168 456 Thesaurum
1193 425 1227 456 in
1251 433 1325 464 agro

1028 471 1106 502 haec
1129 471 1218 512 virgo
1242 471 1371 509 'mvenit‚

981 516 1064 548 Dum
1087 517 1188 548 Deum
1212 519 1333 556 patrem
1357 517 1390 548 in
1415 526 1509 549 carne

1026 562 1084 594 filii
1107 564 1258 603 repperit,

980 609 1076 647 Quem
1100 609 1260 641 inventum
1282 609 1316 639 in
1342 609 1437 640 corde

1028 664 1083 686 suo
1108 656 1274 687 abscondit

981 701 1024 733 Et
1048 702 1166 732 cunctis
1192 701 1394 733 facultatibus

1024 749 1184 786 praetulit.

939 820 946 826 .
977 794 1088 826 Omnia
1110 803 1166 825 sua
1190 795 1328 826 vendens

1024 850 1131 880 agrurn
1157 841 1240 880 emit,

977 887 1062 925 Quae
1087 886 1242 918 Christum
1267 895 1345 926 prae
1370 886 1511 917 omnibus

1025 933 1144 965 dilexit.

1070 1070 1115 1101 In
1138 1070 1365 1103 Laudibus.

1114 1152 1305 1187 Antiphonae.

944 1233 949 1238 .
977 1205 1143 1239 Vinculum
1169 1212 1274 1240 castae
1296 1211 1472 1242 dilectionis

1022 1253 1171 1285 Dominus
1196 1256 1342 1296 servavit,

974 1299 1056 1330 Dum
1080 1301 1285 1340 Kunegundis
1309 1303 1439 1342 virginis

1019 1347 1232 1378 Innocentiam
1257 1349 1480 1387 comprobavit.

942 1433 949 1441 .
975 1410 1155 1449 Integritati

1021 1456 1086 1487 eius
1110 1458 1320 1490 testimonium

1064 1503 1224 1542 perhibuit

972 1548 1016 1580 Et
1038 1549 1208 1582 humilitati

1020 1596 1189 1628 custodiam

1063 1650 1186 1681 semper
1209 1643 1362 1677 adhibuit.

940 1728 947 1735 .
972 1705 1082 1744 itaque
1105 1706 1205 1745 gloria
1230 1706 1294 1738 eius

1018 1752 1116 1791 magis
1139 1761 1177 1783 ac
1200 1753 1298 1792 magis

1064 1797 1259 1839 proficiebat,

972 1844 1051 1882 Quia
1073 1844 1174 1875 Deum

1016 1893 1082 1922 toto
1106 1892 1220 1923 mentis

1065 1936 1177 1969 affectu
1202 1939 1363 1979 diligebat.

938 2027 946 2034 .
972 2001 1113 2032 Tandem
1138 2010 1194 2033 rex
1218 2003 1275 2034 sub
1299 2004 1382 2034 vitae
1406 2004 1468 2036 fine

971 2047 1094 2079 Vocatis
1119 2048 1226 2079 amicis
1250 2050 1377 2088 reginae

971 2093 1062 2125 Hanc
1084 2102 1143 2133 per
1166 2103 1290 2125 manum

1019 2140 1247 2172 commendavit
1273 2141 1338 2173 illis

971 2185 1099 2218 Talibus
1123 2185 1227 2217 verbis

1016 2232 1165 2263 memoria
1190 2233 1309 2273 dignis:

935 2320 943 2328 .
969 2295 1068 2334 Hanc,
1095 2304 1176 2335 ecce,
1201 2298 1303 2338 inquit

1014 2341 1091 2372 mihi
1115 2352 1135 2374 a
1158 2344 1256 2384 vobis,
