1650 2542
705 145 958 180 —265—

578 234 624 264 92.
654 235 695 265 De
713 243 737 265 s.
757 236 909 268 liudovico
926 236 1083 276 Episcopo.

325 300 372 332 In
396 301 427 332 1.
453 301 671 340 vesperis.

371 382 417 409 Ad
435 383 611 418 Magnificat.

185 438 224 468 A.
255 438 331 469 Flos
356 447 482 477 germen
507 438 629 483 florum⁷

302 484 492 526 Ludovicus‚
507 490 632 525 spretor
640 488 803 527 honorum,

254 531 329 562 Flos
354 532 567 571 praelatorum

302 576 403 617 fulget
426 578 482 610 sub
508 578 583 610 fune
606 579 774 612 Minorum.

323 680 384 711 Ad
407 680 678 715 Matutinum.

384 763 596 790 Invitatorium.

254 818 373 858 Regem
399 818 483 850 orbis
508 819 661 860 opificem,

304 866 487 896 Animarum
512 867 698 907 praelatum,

256 911 435 943 Laudemus
460 920 517 950 per
540 912 730 953 pontificem,

301 958 406 990 Caroli
432 958 515 998 regis
539 961 655 992 natum.

322 1061 368 1091 In
395 1061 425 1092 1.
451 1060 677 1093 Nocturno.

400 1133 591 1168 Antiphonae.

222 1213 229 1219 .
256 1188 377 1220 Sinceri
398 1190 498 1230 pueri,

296 1235 378 1274 puri,
403 1236 505 1266 teneri
528 1236 682 1268 Ludovici

250 1281 341 1313 Mens
365 1282 398 1312 in
422 1282 491 1322 lege
514 1282 574 1314 Dei

297 1328 397 1359 voluit
421 1329 535 1367 iugiter
558 1330 714 1363 meditari.

217 1408 224 1415 .
249 1383 317 1414 Rex
339 1382 376 1414 fit
399 1387 570 1424 perpetuus

298 1430 331 1460 in
354 1433 460 1461 monte
484 1430 558 1462 Sion
579 1431 768 1472 Ludovicus,

250 1476 310 1514 Qui
334 1482 465 1515 propter
491 1477 651 1510 Christum

299 1524 486 1562 contempsit
510 1524 616 1555 nobile
640 1534 778 1565 regnum.

191 1585 221 1609 ε.
249 1579 333 1610 Voce
354 1588 484 1618 precum
509 1580 623 1611 clamat

298 1627 339 1657 ad
362 1634 439 1668 eum,
467 1627 518 1666 qui
538 1630 650 1658 cuncta
667 1629 794 1668 creavit,

250 1672 293 1704 Ut
316 1673 465 1704 mundum
490 1675 596 1705 teneat

294 1719 407 1761 ipsum,
426 1728 517 1759 quem
534 1721 684 1761 sanguine
696 1721 792 1760 pavit.

379 1794 584 1829 Responsoria.

212 1877 218 1882 .
244 1849 315 1881 Lux
339 1850 500 1889 primaeva
522 1860 602 1882 novo

288 1897 426 1928 radiavit
448 1897 565 1930 lumine
588 1898 691 1929 saeclo

242 1944 393 1976 Praesule
412 1944 596 1975 transmisso

288 2000 408 2022 morum
433 2000 544 2022 norma
566 1990 739 2031 Ludovico,

205 2063 212 2070 .
242 2037 383 2069 Mittitur
407 2037 550 2076 antistes,

294 2085 409 2125 regalis
434 2084 545 2116 inclita
568 2084 684 2124 proles,

247 2131 314 2163 Lux
339 2132 437 2163 oculis
462 2131 597 2163 omnium

290 2187 348 2218 per
372 2179 426 2218 pia
450 2181 537 2218 gesta
561 2179 689 2211 micans,

208 2260 213 2264 .
243 2234 363 2265 Labilis
387 2234 472 2266 orbis
498 2243 573 2274 opes

288 2283 320 2311 et
344 2281 478 2312 honores
504 2281 633 2314 abdicat
654 2290 771 2323 omnes,

240 2328 294 2360 Ad
320 2328 455 2366 patriam
479 2337 664 2371 properanS,

287 2374 387 2416 patris
400 2375 492 2406 simul
505 2373 634 2407 foedere
641 2374 787 2418 flagrans,

861 306 898 337 V.
929 306 1024 337 Nulla
1048 306 1165 337 caduca
1188 307 1277 345 petit⁷

975 352 1091 391 iugiter
1115 353 1261 383 caelestia
1285 354 1416 393 quaerit,

929 398 1051 438 Aspera
1076 407 1137 429 non
1160 399 1279 437 metuit,

978 445 1110 484 grandia
1133 443 1214 475 falsa
1238 444 1326 484 fugit.

898 527 904 532 .
931 499 1111 539 Scripturae
1135 509 1188 531 san
1193 502 1260 531 ctae

977 546 1116 577 tribuens
1140 547 1313 586 primordia
1337 547 1430 585 vitae,

929 592 1084 623 Fervidus
1107 601 1222 623 arcana

975 639 1077 669 studio
1090 639 1297 678 precibusque
1306 639 1470 677 subintrat,

890 711 897 717 .
927 685 1024 716 Sacra
1046 685 1150 724 legens
1175 688 1253 723 orat,

977 731 1161 762 documenta
1183 731 1320 762 salubria
1343 732 1468 763 mirans?

927 778 1048 816 Raptus
1073 778 1210 816 suspirat

971 822 1096 855 fletibus
1121 832 1175 855 ora
1198 824 1313 863 rigans.

988 935 1033 966 In
1059 937 1088 968 2.
1115 935 1338 968 Nocturno.

893 1033 900 1039 .
926 1009 1109 1040 Mirificavit
1134 1017 1202 1039 eum

972 1054 1135 1093 Dominus,
1146 1063 1235 1094 quem
1242 1055 1376 1093 plurima
1382 1064 1470 1086 sanc-

1244 1104 1309 1132 tum

926 1146 1041 1178 Sancta
1065 1147 1200 1186 probant
1222 1156 1319 1186 opera

971 1196 1206 1233 monstrantque
1246 1193 1421 1233 frequentia

1244 1249 1342 1279 sigua.

890 1318 897 1325 .
923 1295 1019 1326 Mane
1043 1295 1109 1326 Deo
1133 1296 1266 1335 vigilans

970 1341 1054 1380 ligno
1081 1342 1180 1373 crucis
1206 1343 1307 1372 astitit
1332 1351 1434 1381 oransl

926 1387 1066 1419 Profusis
1090 1388 1228 1419 lacrimis

972 1435 1183 1474 contemplans
1206 1436 1295 1474 gesta
1317 1434 1435 1465 salutis.

894 1518 895 1522 ,
922 1491 1018 1528 Quem
1043 1491 1145 1529 pudor
1169 1493 1201 1521 et
1223 1490 1334 1530 pietas,

970 1537 1095 1568 humilis
1124 1545 1214 1577 quem
1241 1537 1306 1568 vita
1331 1537 1468 1575 decorat,

925 1584 1016 1615 Hunc
1040 1583 1125 1615 Deus
1151 1584 1278 1622 exaltat,

972 1634 1003 1661 et
1027 1631 1109 1670 regis
1132 1631 1249 1662 honore
1275 1633 1412 1662 coronat.

1056 1704 1261 1739 Responsa-m.

888 1785 894 1791 .
922 1761 1116 1800 Pauperibus
1141 1761 1302 1801 miserans,

967 1808 1016 1839 bis
1030 1811 1163 1839 matrum
1170 1808 1293 1839 viscera
1301 1808 1454 1847 praebens

919 1855 1108 1893 Obsequitur
1132 1855 1275 1894 palpans,

966 1904 1083 1940 tegens,
1102 1901 1249 1932 alimenta
1265 1902 1465 1940 ministrans;

880 1974 886 1980 .
919 1948 942 1979 O
967 1956 1112 1987 magnum
1136 1947 1263 1986 pietatis
1287 1957 1374 1987 opus,

967 1994 1081 2033 regalis
1106 1994 1248 2025 alumnus

920 2040 1031 2072 Abluit
1054 2041 1189 2081 aegrotis

966 2087 1074 2120 ulcera
1098 2086 1192 2119 foeda
1215 2088 1316 2120 nimis.

887 2168 893 2174 .
919 2143 979 2185 En,
1004 2146 1077 2183 post
1099 2143 1303 2176 Franciscum

963 2199 1136 2230 properare
1164 2191 1237 2223 vide
1261 2191 1464 2231 Ludovicum,

920 2238 978 2276 Qui
1002 2238 1088 2277 cupit
1112 2238 1267 2270 excelsum

965 2284 1104 2323 reperire
1114 2293 1172 2325 per
1180 2284 1286 2316 infima
1296 2286 1464 2324 Christum,

882 2358 887 2363 .
921 2331 982 2363 Hic
1003 2331 1138 2363 moriens
1162 2332 1277 2363 mundo

963 2379 1120 2418 reperitur
1143 2379 1251 2412 vivere
1275 2378 1408 2417 Christo,
