1650 2542
779 119 1010 153 -70-

273 219 304 249 2.
329 218 411 249 Dum
434 216 468 247 in
491 214 600 253 templi
624 212 832 244 fundamentis
987 211 1031 242 Et
1058 210 1215 241 succensis
1239 207 1370 240 aedibus

330 261 574 302 contemplando
599 258 711 290 fundat
733 259 846 290 mentis
1034 256 1154 287 hostem
1177 256 1232 287 lux
1257 253 1405 286 ostendit.

372 307 520 339 GOOl'iGUS
549 306 679 344 oculum,
931 313 963 343 4.
989 311 1080 344 cives
1104 313 1205 342 metus
1231 310 1346 341 excitat

325 354 407 386 Dum
432 353 526 384 effuso
550 351 672 391 pondus
696 353 800 381 terrae
1032 357 1221 397 improvisae
1249 355 1369 394 mortis,

322 400 436 439 Sporta
458 398 573 438 gaudet
594 405 651 429 rex
676 395 785 427 efferre
987 404 1084 435 Parat
1107 402 1212 443 fugam
1235 402 1379 443 pavidus,

367 446 474 477 Visum
499 446 547 475 est
569 442 769 474 miraculum:
1031 450 1153 489 progna
1174 449 1224 480 vir
1248 447 1351 481 fortis⁸

252 492 290 523 V.
321 490 417 530 Fugit
440 490 525 521 caeci
547 497 610 520 nox
633 488 743 525 invisa,
930 507 960 538 5⁶
985 506 1038 537 Ad
1062 505 1216 544 fugandas
1240 504 1336 543 igitur

323 537 420 568 Redit
440 536 533 574 visus,
559 536 591 565 et
613 534 668 564 lux
691 534 760 565 visa

370 581 489 613 Reddit
512 580 586 611 solis
611 579 774 618 spiculum,
1031 552 1114 583 acies
1138 551 1331 590 praedonum

983 598 1112 630 Plebem
1137 598 1237 628 clerus
1262 595 1367 627 evehit

266 639 296 670 3.
322 636 374 668 Ad
398 638 461 667 tam
487 635 635 666 sollemne
658 634 804 673 gaudium
1030 644 1153 683 patriae
1180 645 1356 682 patronum·

320 681 486 714 Concurrit
508 680 601 712 turba
625 680 748 720 civium,

365 728 440 760 Cum
466 727 594 758 canticis
619 729 650 757 et
672 726 833 765 plausibus
1091 743 1136 770 Ad
1154 742 1337 770 Benedictus.

317 775 461 806 Resultat
483 782 544 805 vox
567 772 717 812 laetitiae,
1181 806 1188 813 ·
1314 808 1320 814 ¹
1378 809 1385 815 ·

321 820 508 852 Collaudanf,
530 827 634 858 segem
658 817 784 858 gloriae,
914 810 953 842 A.
983 809 1060 840 Mox
1080 811 1116 839 ut
1138 817 1291 861 princeps
1311 808 1438 840 mchtus

362 866 419 905 Qui
446 866 500 897 dat
523 866 653 896 salutem
675 865 819 904 regibus;
1028 855 1068 886 Se
1092 854 1209 907 fatetur
1232 853 1320 907 f91'18‚

248 912 284 946 V.
315 912 482 943 Translata
504 911 579 943 sede
602 911 706 950 patrui
980 900 1170 953 Tremssfassfil
1194 899 1322 953 fuglam·

318 957 464 990 Succedit
484 957 676 997 praesulatui
1028 948 1201 1000 pomphces
1226 946 1352 999 furoris,

361 1004 430 1035 Rex
454 1003 584 1034 abiectis
609 1002 775 1042 regalibus.
981 994 1371 1071 Qflssggizsmjssfffissnffltaf

399 1096 444 1127 111
467 1094 691 1128 Laudibus,
977 1085 1064 1117 Dans
1089 1084 1215 1117 afflictis
1240 1063 1358 1117 cit⁷⁷ibus

459 1158 640 1193 Antiphonae
1025 1132 1168 1171 spiritum
1194 1132 1320 1171 vigoris¹

259 1215 288 1247 1.
315 1214 349 1246 Si
372 1216 405 1245 te
427 1223 508 1246 nova
531 1216 676 1246 moveant

361 1263 393 1291 ef*
415 1263 541 1299 stupore
566 1260 675 1312 digna,
1046 1269 1091 1300 In
1116 1271 1147 1302 2.
1173 1270 1281 1309 Vesp
1292 1270 1385 1302 eris.

313 1306 397 1337 Mira
422 1307 522 1338 nostri
544 1309 693 1345 tempons

359 1352 515 1383 admirare
538 1352 634 1392 signa.
1086 1351 1132 1378 Ad
1149 1350 1326 1386 Magnificat.

258 1408 289 1440 2.
315 1406 412 1447 Capto
438 1407 557 1446 Spinali
577 1407 696 1459 oppido
904 1417 944 1450 A·
973 1417 997 1448 0
1023 1417 1075 1455 qm·
1098 1425 1171 1448 rore
1194 1417 1331 1456 spiritali

359 1453 447 1493 ‘lons’
472 1461 534 1484 non
555 1456 681 1492 Vfffflte’
822 1471 831 1477 ·
976 1462 1155 1502 Corporalis
1179 1464 1282 1503 ignem
1306 1464 1381 1495 mali

310 1498 527 1538 Desperabant
550 1500 668 1530 strenui
1019 1508 1117 1540 ganas
1141 1510 1367 1550 potentissime,

358 1545 440 1576 Cives
466 1545 505 1576 de
529 1545 639 1578 salute·
1019 1556 1116 1587 Prece
1143 1558 1198 1587 tua
1220 1565 1277 1587 nos
1301 1557 1422 1588 redime

254 1601 284 1631 3.
309 1599 418 1631 Hostis
443 1600 522 1631 clam
545 1600 729 1639 ingreditur,
971 1601 1021 1632 Ab
1043 1602 1116 1640 igne
1140 1602 1314 1641 gehennali,

355 1646 477 1677 moenia
500 1646 695 1677 transcendit
1021 1647 1088 1686 Quo
1115 1650 1293 1679 cremantur
1317 1649 1449 1680 animae.

312 1710 396 1736 Brev.
418 1718 471 1736 ms.
489 1710 660 1737 Praedicatt.
684 1710 789 1737 Meten.
816 1718 889 1737 saec.
912 1709 955 1737 15.
996 1711 1064 1738 Cod.
1084 1712 1172 1739 Um'v.
1192 1712 1351 1739 Bononien.
1372 1710 1454 1740 2865.

649 1853 696 1883 24.
729 1852 772 1884 De
791 1855 897 1885 sancto
919 1855 1082 1895 Gorgonio.

375 1922 419 1953 In
444 1921 474 1954 1.
500 1922 710 1961 vesperis.
969 1924 1057 1956 Sicut
1081 1926 1181 1957 eidem
1206 1927 1348 1966 gloriam,

967 1971 1067 2003 Nobis
1091 1972 1239 2012 adquirat
1263 1974 1396 2005 veniam.

418 2022 463 2049 Ad
480 2021 657 2057 Magnificat-

370 2097 376 2102 ·
1034 2064 1095 2095 Ad
1118 2065 1379 2101 Matutinum.

233 2096 273 2128 A.
304 2096 483 2128 Christiana
507 2097 629 2129 devotio

301 2142 412 2174 Sobrio
438 2143 520 2175 colat
543 2144 655 2183 gaudio
1100 2138 1313 2165 Invitatorium.

300 2189 453 2228 Martyris
483 2190 676 2221 celeberrimi
966 2192 1150 2225 Sanctorum
1173 2197 1280 2226 sancto

302 2235 472 2267 Sollemnia
496 2235 654 2278 Gorgonii,
1011 2240 1176 2272 iubilemus
1202 2242 1297 2273 corde
1320 2244 1446 2284 pudico,

301 2281 395 2314 Cuius
418 2283 482 2314 oris
507 2281 660 2314 confessio
965 2286 1120 2318 Mundum
1145 2286 1303 2327 Gorgonio

301 2329 459 2368 Sanguine
482 2329 602 2368 scripta
625 2331 754 2370 proprio
1011 2333 1123 2364 tribuit
1144 2335 1197 2373 qui
1221 2336 1328 2368 vivere
1352 2340 1470 2372 sancto.
