1650 2542
746 141 999 177 —260—

308 239 389 273 Fide
414 239 532 272 Christi
554 238 717 270 roboratus

305 287 442 319 Caritate
465 285 573 325 viguit.

250 364 280 376 ‹.
307 342 416 374 Gloria
441 344 471 372 et
494 341 611 372 honore

305 388 460 427 Fulgebat
482 387 532 418 vir
554 386 702 423 iustitiae,

305 434 341 465 In
365 434 452 465 cuius
477 432 588 463 mentis
614 430 748 462 culmine

305 479 457 510 Manebat
479 477 649 517 paraclitus
677 476 805 516 gratiae.

440 579 642 614 Responsoria.

277 680 283 686 .
308 655 399 686 Dono
423 652 580 692 refulgens
605 652 725 692 gratiae

309 700 391 732 Sede
413 700 533 730 locatur
556 699 683 738 gloriae,

307 747 372 785 Quo
397 749 519 776 rectore
541 745 750 776 Romanorum

307 792 404 829 Fides
427 791 565 831 suscepit
586 791 809 821 incrementum

308 839 360 869 Ad
387 838 548 869 delendam
574 837 673 868 hostis
697 835 849 874 fraudem,

310 884 362 915 Ad
387 884 559 923 augendam
579 883 696 915 Christi
715 883 849 914 laudem.

272 957 278 964 .
307 931 336 961 A
353 930 485 961 Domino
509 929 639 968 martyri
664 929 768 959 datum
793 931 850 967 est,

308 976 351 1007 Et
366 979 413 1006 est
423 976 567 1006 mirabile
574 976 607 1006 in
618 975 715 1006 oculis
722 975 849 1005 nostris.

276 1058 283 1065 .
309 1030 484 1070 Flagrabat
507 1030 592 1060 beati
615 1030 761 1067 martyris

310 1077 399 1108 Mens
424 1074 549 1107 flamma
572 1076 673 1106 sancti
697 1075 835 1117 spiritus,

311 1122 404 1154 Cuius
431 1122 544 1152 amoris
570 1122 671 1160 gratia

311 1166 490 1199 Saevissimi
516 1167 713 1207 spiculatoris

311 1214 383 1245 Non
408 1214 567 1245 exhorruit
590 1213 727 1252 gladium

313 1261 414 1299 Caput
437 1259 634 1299 amputantis,

275 1333 282 1340 .
313 1307 369 1345 Qui
395 1308 602 1337 consummato

360 1360 451 1383 cursu
476 1360 620 1383 coronam

313 1399 342 1429 A
367 1397 492 1430 Christo
515 1396 657 1436 percepit
680 1398 829 1435 optatam,

313 1443 382 1475 Suis
406 1443 551 1483 precibus
581 1442 669 1474 nobis
695 1445 852 1473 aeternum

312 1490 462 1528 Acquirat
488 1497 624 1528 regnum.

282 1570 289 1577 .
314 1544 442 1575 Praesul
467 1544 592 1586 Christi,
618 1543 800 1582 triumphali

312 1590 469 1621 Virtutum
491 1590 638 1628 mysterio

311 1636 496 1678 Decertasti‚
523 1636 611 1667 miles
635 1636 759 1672 invicte,

312 1682 413 1721 Terge
436 1685 544 1713 nostra
566 1682 643 1713 vitia

314 1728 432 1760 Orandi
453 1728 610 1769 instantia,

276 1798 283 1805 .
313 1774 462 1812 Quoniam
489 1774 672 1805 delictorum

312 1820 404 1851 Nexu
428 1821 608 1861 premimur,

310 1866 373 1898 Sed
396 1875 455 1906 per
478 1870 510 1897 te
534 1867 741 1900 absolvamur.

374 2006 418 2037 111
444 2007 475 2038 3.
501 2005 726 2039 NocturnO.

453 2096 645 2132 Antiphonae.

282 2198 288 2205 .
313 2173 351 2204 In
376 2172 509 2204 Domino
533 2181 589 2204 suo
613 2175 733 2211 martyr

315 2217 455 2251 Confisus
479 2219 598 2251 athleta
622 2218 722 2254 fortis,

316 2265 376 2304 Qui
400 2265 516 2297 devicit
535 2266 605 2296 iura
628 2266 746 2304 mortis,

314 2312 426 2351 Aegris
450 2314 558 2351 potum
583 2312 637 2343 dat
660 2312 769 2342 salutis

313 2358 357 2389 Et
380 2358 518 2389 solamen
546 2358 715 2390 destitutis.

919 236 949 267 2.

920 798 949 829 1.

974 233 1107 265 Habitat
1130 233 1161 264 in
1182 232 1290 271 requie

975 280 1083 312 Cultor
1107 287 1200 310 verae
1222 278 1369 317 iustitiae,

973 326 1133 365 Superatis
1158 326 1260 357 carnis
1283 324 1424 356 hostibus

974 372 1160 411 Triumphat
1181 372 1214 403 in
1239 371 1437 403 caelestibuS.

943 462 948 467 .
974 437 1205 468 Benedictionis
1220 438 1406 477 praeventus
1417 435 1518 474 gratia

975 483 1120 515 1nduitur
1143 483 1273 514 salutari
1296 482 1427 518 iustitia,

977 530 1089 561 Potens
1116 533 1147 560 et
1170 529 1342 569 imperialis

977 575 1087 607 Choris
1112 576 1260 607 inseritur
1280 575 1429 614 angelicis

976 620 1123 653 Pontifex
1148 622 1271 662 regalis.

1107 721 1310 756 Responsoria.

975 797 1116 836 Migraus
1141 799 1262 834 martyr
1285 796 1326 827 ad
1351 803 1487 834 superna

978 843 1120 875 Summus
1143 842 1268 881 praesul
1293 841 1417 884 gaudia,

978 889 1071 920 Cuius
1094 889 1270 929 patrocinia

979 936 1131 966 Praesens
1156 937 1304 974 procurat
1328 934 1468 975 ecclesia,

976 981 1146 1013 Sentienda
1169 982 1282 1012 merita

977 1028 1020 1059 Et
1042 1027 1225 1059 multimoda
1248 1027 1368 1058 solatia.

907 1074 944 1106 V.
974 1074 1095 1105 Beatus
1115 1073 1182 1116 vir,
1208 1073 1264 1112 qui
1285 1072 1398 1111 suffert
1420 1074 1521 1104 temta-

921 1232 952 1262 2.

909 1692 947 1723 V.

976 1120 1103 1158 tionem,
1118 1120 1273 1159 quoniam
1286 1128 1358 1150 cum
1365 1119 1520 1157 probatus

976 1166 1082 1208 fuerit,
1095 1166 1227 1205 accipiet
1235 1173 1385 1197 coronam
1392 1165 1522 1204 ylorz'ae.

977 1232 1140 1269 Apparent
1164 1239 1247 1261 nunc

1023 1277 1121 1307 nostri
1145 1276 1270 1315 patroni

979 1322 1147 1353 Sollemnia
1174 1321 1298 1360 festiva,

978 1369 1037 1407 Qui
1059 1369 1091 1399 in
1114 1368 1254 1399 Romana

1025 1414 1100 1445 sede
1123 1414 1318 1453 triumphans

978 1461 1104 1492 Floruit
1125 1463 1161 1491 ut
1184 1461 1277 1500 oliva,

979 1506 1072 1537 Tanti
1096 1507 1197 1538 sancti

1024 1553 1192 1584 laudabilis
1217 1552 1350 1584 victoria

980 1599 1090 1631 Novae
1113 1599 1215 1630 laudis

1025 1644 1161 1685 refulget
1183 1646 1293 1685 gloria.

977 1692 1049 1723 Iesu
1075 1691 1209 1731 Christe,
1234 1694 1267 1722 te
1288 1690 1462 1732 laudamus,

981 1737 1194 1769 Collaudando
1218 1746 1403 1769 veneramur

980 1784 1110 1815 Beatum
1135 1793 1250 1824 papam
1273 1783 1414 1823 Lucium,

981 1830 1076 1868 Quem
1100 1830 1189 1861 nobis
1215 1830 1268 1861 des
1293 1829 1473 1870 propitium.

947 1919 954 1927 .
981 1895 1005 1927 O
1031 1894 1109 1926 felix
1133 1897 1264 1934 martyr,

1026 1941 1105 1973 Luci
1129 1941 1342 1979 invictissime,

983 1988 1114 2019 Praesul
1140 1988 1258 2020 Christi
1282 1987 1501 2029 sacratissime,

981 2035 1048 2066 Tuo
1074 2043 1185 2074 poscas
1206 2033 1344 2064 oramine

980 2080 1117 2111 Nostrae
1128 2081 1353 2111 incrementum
1364 2079 1525 2117 ecclesiae,

980 2127 1066 2157 Audi
1089 2129 1163 2158 vota
1185 2124 1325 2156 fidelium

982 2172 1055 2204 Tibi
1078 2180 1160 2202 nunc
1183 2171 1435 2211 supplicantium.

980 2218 1039 2256 Qui
1063 2217 1162 2249 factus
1188 2226 1220 2248 es
1237 2218 1304 2249 Deo
1329 2218 1432 2249 hostia
1457 2220 1528 2251 viva

987 2263 1083 2297 Sacro
1107 2264 1219 2303 plexus
1244 2264 1357 2304 eapite,

981 2310 1044 2342 Sed
1067 2310 1100 2340 in
1125 2310 1219 2341 caelis
1246 2311 1405 2343 coronaris

980 2356 1166 2389 Diademate
1189 2357 1318 2396 gloriae.
