1650 2542
692 136 945 171 —181-—

617 225 661 256 63.
693 227 734 257 De
753 229 857 259 sancto
876 227 992 269 Ioseph.

296 290 343 321 In
369 290 399 322 1.
426 290 639 330 Vesperis.

378 372 570 407 Antiphonae.

173 428 203 460 1.
229 428 374 470 Laetare,
400 437 516 468 sponsa
541 429 668 471 Christi,

277 475 360 506 alma
382 477 484 506 mater
507 476 649 517 ecclesia,

230 520 336 551 Sancti
352 521 476 561 Ioseph,
495 531 629 561 sponsae
640 524 771 565 Mariae,

273 570 382 598 assunt
407 569 579 608 sollemnia,

228 613 324 645 Cuius
348 614 503 653 gloriosae
526 624 636 653 preces

274 668 311 690 ac
334 661 388 699 pia
412 660 560 700 suffragia

225 705 292 737 Nos
316 709 462 738 tueantur
486 716 610 747 semper

275 755 307 783 et
330 753 447 784 ducant
470 754 511 785 ad
534 755 691 787 caelestia.

168 819 199 848 2.
225 817 341 857 Ioseph
364 819 486 857 genitus

270 872 289 894 a
312 864 406 895 Iacob
432 868 510 904 erat,

223 909 312 941 Sicut
334 910 514 941 Matthaeus

270 957 461 995 evangelista
483 960 603 997 narrat,

220 1001 283 1033 Sed
312 1001 394 1033 filius
418 1003 493 1034 Heli
520 1013 539 1034 a
561 1003 653 1036 beato

267 1049 354 1080 Luca
376 1052 584 1088 nuncupatur,

219 1094 297 1132 Quia
322 1095 351 1125 ei
374 1096 543 1127 secundum

267 1141 366 1180 legem
392 1141 573 1173 debebatur.

161 1207 192 1238 3.
219 1205 322 1237 Senex
345 1205 455 1236 beatus
480 1207 595 1246 Ioseph
620 1210 652 1238 et
674 1208 761 1247 virgo

217 1252 437 1290 Virginitatem
461 1261 547 1283 suam

214 1299 268 1329 Ad
292 1298 442 1330 honorem
465 1298 526 1330 Dei

216 1345 350 1376 Servare
374 1353 497 1383 semper
521 1347 718 1385 promiserat,

216 1390 287 1421 Nisi
311 1391 396 1422 Deus
421 1391 514 1422 aliter
536 1392 653 1432 iubeat,

216 1436 273 1468 Cui
297 1446 332 1468 se
355 1438 495 1468 totaliter
520 1439 725 1472 commiserat.

154 1503 187 1533 4.
212 1501 418 1541 Praeceptum
439 1511 458 1532 a
481 1503 645 1534 sacerdote

257 1549 368 1587 templi
395 1549 565 1587 egreditur,

211 1595 256 1627 Ut
280 1595 454 1634 quicunque
480 1596 519 1626 de
544 1596 634 1627 domo
651 1595 755 1627 David

254 1641 445 1681 inconiugati
467 1642 676 1681 inveniuntur,

209 1688 329 1727 Singuli
351 1688 455 1727 virgas
480 1688 579 1719 siccas

252 1735 285 1765 in
310 1735 453 1765 manibus
476 1738 613 1775 portent,

204 1781 250 1813 Ut
273 1785 426 1820 appareat
449 1782 643 1821 miraculose,

207 1828 265 1860 Cui
288 1828 376 1867 virgo
400 1827 507 1861 Maria

253 1874 438 1912 desponsari
464 1874 585 1906 debeat.

323 1966 369 1994 Ad
387 1965 566 2002 Magnificat.

131 2034 172 2066 A.
204 2033 338 2065 Caelesti
359 2032 504 2073 pontifex

249 2081 358 2112 doctus
384 2081 509 2112 oraculo

199 2127 317 2167 Virgae
338 2125 479 2158 florentis
503 2128 621 2167 Ioseph

246 2174 312 2205 viso
335 2174 486 2206 miraculo

197 2221 303 2260 Atque
327 2221 487 2253 columbae

242 2268 424 2306 apparentis
449 2267 566 2300 indicio

196 2314 288 2346 Iubet
310 2314 445 2345 Mariam

241 2361 327 2392 tradi
350 2361 465 2401 Ioseph
489 2360 631 2401 conubio,

906 298 950 330 Ut
972 299 1139 339 impleatur

949 345 1055 376 divina
1080 346 1279 386 dispensatio.

968 456 1028 487 Ad
1050 456 1309 489 Matutinum.

1032 529 1242 556 Invitatorium.

897 583 1011 622 Sponsi
1034 584 1156 616 Mariae
1179 586 1307 625 virginis

943 629 1062 670 fulgent
1084 631 1169 663 laeta
1192 633 1364 673 sollemnia,

897 675 1019 707 Cluisto
1046 677 1166 708 devotis
1192 680 1321 710 canticis

941 725 1048 754 sancta
1070 724 1202 763 plaudat
1225 726 1368 758 ecclesia.

955 834 1000 865 In
1025 834 1055 866 1.
1081 834 1138 865 No
1150 837 1306 868 cturno.

1035 906 1225 941 Antiphonae.

835 960 865 993 1.
893 960 967 991 Cum
993 964 1076 992 esset
1100 962 1287 1001 desponsata
1310 966 1424 1004 Ioseph

936 1007 1023 1046 virgo
1047 1008 1149 1038 Maria
1174 1011 1307 1049 egregia,

891 1053 998 1084 Rediit
1019 1054 1145 1084 interim
1169 1063 1301 1093 sponsus

934 1100 967 1129 in
990 1099 1174 1131 Bethlehem
1198 1102 1239 1132 ad
1263 1104 1400 1142 propria,

887 1145 1106 1184 Dispositurus
1132 1150 1242 1178 cuncta

934 1192 1052 1231 nuptiis
1076 1194 1263 1228 necessaria.

829 1247 860 1278 2.
886 1245 1008 1284 Sponsa
1031 1247 1146 1286 Ioseph
1170 1248 1283 1285 Maria,

885 1292 981 1331 Virgo
1005 1294 1101 1331 plena
1120 1295 1231 1334 gratia,

931 1339 1089 1370 Nazareth
1112 1345 1272 1379 properat,

884 1385 1011 1423 Septem
1036 1386 1192 1425 virginum

883 1431 1012 1462 Habens
1036 1432 1186 1463 solacium

928 1478 1080 1517 Angelica
1102 1482 1303 1518 praestantur

880 1524 993 1555 Eidem
1018 1524 1174 1564 obsequia.

824 1578 854 1612 3.
881 1578 1014 1610 Paratur
1038 1580 1098 1611 Dei
1125 1579 1190 1611 filio

926 1626 1090 1665 Templum
1115 1627 1290 1658 sanctitatis

880 1672 1032 1713 Virginali
1055 1676 1154 1712 utero,

927 1718 1042 1750 Domus
1068 1720 1230 1759 claritatis,

879 1766 973 1798 Cuius
996 1769 1098 1798 custos
1123 1767 1266 1798 assiduus

876 1811 952 1843 Fuit
975 1813 1089 1852 Ioseph
1113 1814 1338 1846 sanctissimus.

1012 1887 1214 1922 Responsoria.

818 1942 850 1974 1.
874 1941 958 1972 Dum
982 1951 1115 1981 sponsus
1138 1943 1253 1982 Ioseph
1278 1947 1405 1976 sanctus

919 1988 961 2019 ad
985 1997 1130 2027 sponsam
1155 1990 1333 2031 revertitur,

873 2034 922 2066 De
945 2038 1052 2067 sancto
1077 2036 1192 2074 spiritu
1215 2037 1319 2069 Maria

920 2082 1099 2121 concepisse
1124 2084 1271 2123 cernitur,

870 2128 1048 2160 Haesit-anti
1072 2130 1188 2169 Ioseph
1211 2131 1338 2170 angelus

918 2175 957 2206 de
981 2176 1107 2207 caelesti
1132 2176 1203 2207 aula
1227 2178 1371 2217 mittitur,

870 2220 919 2252 De
942 2220 999 2253 filii
1024 2231 1137 2254 arcano

916 2269 1063 2307 mysterio
1087 2270 1261 2303 instruitur.

800 2315 836 2346 V.
867 2314 947 2346 Erat
971 2317 1084 2355 Ioseph
1107 2317 1225 2348 virtute

918 2363 1044 2393 caelesti
1071 2364 1245 2403 praeditus,
