1650 2542
720 136 975 171 —207—

277 217 379 249 Aulae
401 219 458 251 tibi
949 234 1087 266 Palmam
1114 238 1266 276 praebent

326 267 521 305 contemptus
550 272 655 310 regiae
996 282 1138 314 caelestis
1164 285 1277 318 curiae.

280 336 365 364 Brev.
394 339 628 371 Praedicatorum
657 347 725 383 imp.
751 349 881 378 Venetiis
910 351 989 380 1514.
1022 369 1058 373 —
1090 356 1238 391 Hymnen:
1268 361 1302 387 In
1334 361 1357 388 1.
1384 364 1470 400 Vesp.

205 372 384 402 Katharinae
403 377 597 408 collaudemus
617 383 714 413 {Mene
732 386 786 419 111,
808 385 885 422 367);
912 390 948 417 ad
968 391 1064 418 Noeta
1091 394 1194 430 Pange,
1214 396 1322 432 lingua,
1342 400 1486 435 gloriosae

206 406 304 442 (Mone
322 412 376 445 ΠΙ7
396 410 474 449 368);
495 416 532 443 ad
551 418 681 447 Laudes:
701 422 842 452 Praesens
862 426 924 454 dies
943 429 1119 463 expendatur
1140 431 1235 465 (Mone
1254 434 1272 461 1.
1294 434 1335 470 c.).

625 538 663 568 71.
694 539 736 570 De
755 543 864 573 saneta
882 543 1067 577 Katharina.

343 599 388 631 In
414 601 443 634 1.
473 602 683 644 vesperis.
1003 616 1048 647 In
1074 617 1103 651 1.
1130 618 1350 656 Nocturno.

412 674 602 711 Antiphonae.
1076 690 1267 726 Antiphonae.

212 726 242 758 1.
269 728 488 769 Triumphanti
513 737 730 770 concordando
881 743 912 776 1.
936 743 1047 776 Flores
1072 746 1180 779 hortus
1206 750 1261 781 dat
1284 753 1440 786 conclusus

316 776 458 808 Militans
483 780 616 813 ecclesia
984 790 1176 825 diversorum
1201 804 1357 838 generum,

267 821 462 855 Katharinae
486 826 571 858 clara
596 829 677 861 colat
936 836 1017 874 Quas
1066 839 1097 870 in
1136 841 1260 873 hortum
1300 846 1476 885 transplan-

312 867 409 900 Festa
434 878 501 902 eum
526 873 655 907 laetitia.
1254 891 1366 922 tandos

207 922 237 953 2.
263 922 352 954 Haeo
375 926 530 962 producta
554 937 592 960 ex
617 930 806 965 Graecorum
978 931 1123 968 Pl'OdUCif
1148 934 1337 971 ἃθῖῙὶθΥθΠΠἸ·

310 969 431 1001 Radice
453 971 599 1013 florigera
875 985 906 1015 2.
932 984 967 1015 In
992 985 1052 1016 1106
1074 987 1164 1019 horto
1189 988 1246 1021 fios
1272 994 1412 1025 exerevit

261 1014 433 1048 Venustate
460 1024 571 1051 vernat
593 1031 711 1055 morum
976 1031 1075 1063 mirae
1095 1034 1348 1078 pulchritudinis,

306 1062 421 1094 Aetate
444 1065 501 1096 sub
527 1069 644 1100 tenera.
931 1076 1044 1109 Orbem
1069 1081 1173 1111 terrae
1195 1082 1246 1120 qui
1272 1085 1406 1123 replevit

204 1116 235 1146 3.
260 1116 357 1154 Quam
385 1118 417 1149 in
441 1118 519 1151 flore
542 1122 710 1155 iuventutis
975 1124 1071 1155 Odore
1096 1125 1280 1162 dnlcedissis·

304 1162 431 1195 Florem
453 1168 563 1198 mundi
586 1178 736 1208 spernere
872 1179 902 1210 3.
930 1178 1019 1211 Novo
1043 1179 1157 1213 florens
1180 1183 1212 1214 in
1237 1185 1342 1217 virore

258 1207 334 1240 Flos
359 1207 454 1242 totius
474 1221 547 1252 spes
573 1215 697 1247 virtutis
973 1225 1030 1257 sub
1055 1228 1179 1261 novella
1201 1231 1343 1269 plantula

305 1255 367 1287 Suo
392 1255 469 1288 feeit
491 1268 628 1294 munere.
927 1271 1048 1303 Crescit
1071 1276 1156 1306 taeta
1180 1277 1258 1307 caeli
1283 1287 1354 1311 rore

196 1310 228 1340 4.
255 1309 356 1342 Huius
381 1311 482 1344 factus
507 1318 555 1346 est
578 1320 698 1349 amator
972 1319 1108 1351 candens
1132 1322 1200 1352 Sine
1223 1326 1354 1357 macula-

302 1356 436 1390 Formae
460 1369 592 1399 sponsus
616 1364 780 1407 virginum,
867 1373 898 1404 4.
923 1373 1012 1404 Haeo
1035 1377 1083 1405 est
1105 1376 1160 1408 illa
1185 1378 1370 1424 Katharina,

260 1403 297 1434 In
324 1403 469 1437 conflictu
494 1413 702 1451 conservator,
972 1419 1058 1451 Costi
1081 1423 1163 1462 regis
1186 1423 1261 1465 filia,

299 1450 336 1481 In
361 1451 518 1492 triumpho
540 1457 723 1493 praemium.
921 1465 1036 1497 Rosam
1062 1468 1188 1501 vincens
1212 1480 1271 1510 per
1295 1474 1431 1518 odorem,

966 1521 1024 1551 per
1049 1516 1216 1549 candorem
1241 1519 1318 1553 lilia.

371 1534 415 1561 Ad
434 1535 610 1572 Magnificat.
861 1567 892 1598 5.
919 1567 1003 1604 Quae
1032 1570 1161 1603 colendo
1184 1573 1284 1605 Deum
1309 1584 1415 1608 verum

176 1587 216 1619 A.
250 1587 356 1628 Tange
380 1591 491 1635 lyram,
517 1602 594 1626 sona
617 1596 735 1636 laudes,
965 1615 1066 1646 031-an
1090 1617 1123 1648 jn
1147 1627 1182 1649 se
1203 1620 1306 1653 jacula

246 1634 348 1674 Digne
372 1646 504 1678 1131119116
527 1643 594 1672 1013
616 1644 742 1685 gaudes,
917 1660 1100 1694 Trucidavit
1124 1668 1307 1704 exponendo

292 1681 481 1716 Graecorum
506 1688 677 1730 PPOVissssia‚
964 1716 1075 1747 corpus
1097 1711 1137 1742 ad
1162 1713 1312 1750 pericula.

243 1729 305 1760 Per
326 1738 417 1768 quam
444 1733 503 1764 coli
527 1733 684 1768 ierarchia

242 1774 333 1807 Nova
356 1778 472 1815 gaudet
496 1780 656 1814 harmonia

287 1821 464 1856 Katharina
487 1827 581 1866 socia,

238 1868 336 1906 Quam
361 1869 422 1900 hac
447 1871 498 1902 die
520 1873 614 1905 laude
637 1876 732 1914 plena

239 1913 324 1945 Caeli
348 1917 436 1948 vexit
460 1919 500 1949 ad
525 1929 654 1953 amoena

284 1961 436 1995 Caelestis
460 1965 583 1999 militia.
1043 1988 1245 2024 Responsoria.

857 1762 887 1794 6.
914 1763 1018 1795 Minas
1042 1767 1164 1804 sprevit
1187 1768 1264 1801 haee
1288 1774 1414 1811 tyranni

959 1810 1074 1843 virtute
1099 1817 1300 1857 constantiae,

911 1856 985 1888 Iura
1008 1858 1087 1898 legis
1111 1860 1248 1894 infidelis

956 1903 988 1934 in
1014 1906 1103 1936 annis
1123 1906 1285 1944 infantiae.

851 2040 880 2073 1.
906 2041 1036 2075 Gemma
1060 2045 1182 2079 Graeca
1204 2050 1390 2091 Katharina,

298 2084 358 2115 Ad
382 2085 645 2122 Matutinum.
953 2089 1037 2122 Gobti
1060 2094 1143 2133 regis
1167 2095 1242 2137 filia,

904 2135 969 2176 Spe
995 2146 1183 2180 consurgens
1208 2143 1241 2175 111
1267 2145 1374 2179 divina

362 2159 576 2189 Invitatorium.
949 2183 1038 2215 Haec
1063 2189 1310 2229 contemptibilia

233 2212 413 2258 eonvenite,
440 2217 607 2252 iubilemus
902 2229 1038 2271 Sprevit,
1064 2233 1173 2267 nolens
1197 2236 1229 2268 in
1255 2240 1345 2272 ruina

276 2269 356 2300 agno
383 2263 453 2295 sine
472 2268 604 2310 macula,
945 2277 1100 2316 Quaerere
1123 2282 1267 2328 stabilia3

230 2307 409 2341 Katharina
438 2312 486 2344 cui
510 2314 635 2352 plaudit
831 2321 867 2355 V.
898 2322 1023 2356 Florem
1049 2329 1158 2361 mundi

274 2354 368 2387 turba
394 2365 463 2389 cum
484 2359 659 2395 iuvencula.
945 2373 1113 2406 contemnit
1135 2374 1250 2411 florida
