1650 2542
283 244 316 276 2.
339 242 429 273 Misit
452 250 574 273 servum

377 289 468 326 pater
489 297 547 326 pro
571 286 634 318 filio

330 333 400 364 Non
424 333 555 364 humano

375 378 474 409 fretus
499 379 623 417 auxilio,

330 424 391 456 Hie
416 425 518 456 divino

375 470 473 509 magis
498 470 624 500 consilio

331 516 481 554 Sponsam
506 515 594 545 duxit

375 562 407 591 in
431 561 490 591 1100
513 560 630 591 exsilio.

260 607 297 638 V.
328 606 560 644 Paranymphus

377 652 508 690 supplex
529 652 685 690 salutavit,

328 698 365 729 In
390 698 538 736 virginem

375 746 513 774 sanetum
538 752 671 782 pneuma
694 742 780 774 flavit

328 789 372 820 Et
394 789 426 819 in
450 792 578 820 matrem

373 835 434 866 Dei
458 836 649 867 consecravit

274 900 305 932 8.
329 898 421 930 Felix
444 900 544 941 nimis,

375 954 391 976 0
418 945 556 984 Gabriel,
583 946 667 987 hora,

327 992 365 1023 In
390 1001 450 1030 qua
473 991 560 1030 virgo

378 1037 477 1068 duleis
500 1040 532 1068 et
556 1038 668 1070 deeora

326 1083 427 1114 Deum
449 1092 555 1114 velum

375 1129 458 1167 cepit
480 1129 547 1162 sine
571 1138 658 1160 mora

327 1175 490 1207 Altissima

374 1224 427 1251 tua
450 1224 580 1260 propter
602 1230 666 1252 ora.

261 1266 297 1297 V.
328 1267 409 1297 Illud
434 1268 502 1298 Ave

377 1313 498 1351 quando
523 1313 689 1352 protulisti,

329 1358 418 1389 Dona
441 1368 552 1398 magna

372 1405 487 1435 mundo
512 1404 663 1446 :rutulis-ti,

333 1449 408 1481 Cum
434 1459 523 1481 omne
546 1458 602 1482 vae

375 1505 394 1527 a
415 1497 504 1528 nobis
528 1497 637 1528 tulisti.

385 1635 429 1666 In
454 1636 485 1668 2.
510 1635 735 1667 Nocturno.

464 1706 653 1741 Antiphonae.

271 1762 300 1792 1.
327 1762 362 1792 In
389 1762 465 1792 caeli
490 1762 689 1794 tabernaculo

371 1807 420 1838 Tu
443 1808 495 1846 qui
511 1808 600 1838 sedes
624 1808 796 1849 magnifice,

328 1854 365 1885 ln
389 1854 506 1884 ventris
531 1854 706 1886 habitaculo

374 1899 512 1939 Virginis
535 1909 646 1939 magna
670 1900 795 1940 perfice.

270 1964 300 1996 2.
327 1963 383 2001 Qui
409 1973 427 1995 a
452 1965 536 1996 eaelo
560 1966 718 2004 egreditur

378 2009 524 2041 Gabriele
548 2012 770 2055 proclamante,

324 2056 361 2086 In
385 2056 505 2095 virgine
529 2058 723 2089 concluditur

372 2102 535 2133 Persubito
560 2103 643 2134 hune
667 2108 798 2140 amante.

270 2168 301 2198 3.
324 2166 393 2197 Rex
417 2167 535 2205 gloriae
561 2168 713 2207 disposuit

374 2212 518 2245 Clausam
542 2217 665 2252 portam
678 2215 864 2258 subintrare,

326 2259 410 2289 Hine
434 2259 539 2290 exiens
563 2269 619 2291 nos
645 2261 751 2293 docuit

378 2305 464 2337 Caeli
487 2308 610 2344 portam
634 2311 808 2346 penetrare.

875 146 1009 179 50-

1129 264 1331 299 Responsoria.

947 349 977 380 1.
1004 348 1052 378 Tu
1075 347 1203 386 reginae

1039 393 1150 423 summi
1174 393 1342 431 regiminis,

995 439 1080 477 Quae
1106 439 1249 477 concepit

1038 485 1188 515 instinctu
1212 485 1356 526 numinis,

992 530 1070 561 Vale
1095 531 1174 561 dieis

1041 585 1109 607 cum
1135 579 1224 608 coetu
1248 577 1377 616 ordinis,

994 624 1130 654 Matrem
1153 624 1286 655 laudans

1038 669 1099 700 Dei
1122 673 1154 700 et
1176 670 1319 701 hominis.

924 716 960 746 V.
987 716 1078 746 Nunc
1102 716 1206 755 igitur,

1041 757 1178 799 Gabi-iel,
1204 771 1350 802 propera,

992 807 1097 839 Narra
1117 808 1178 839 Dei

1038 854 1181 885 miranda
1204 862 1310 894 opera,

993 900 1078 938 Quae
1101 899 1185 931 faeta
1210 903 1283 931 sunt

1037 946 1069 977 in
1093 946 1153 977 hae
1178 945 1373 980 Christifera.

935 1030 966 1060 2.
991 1028 1054 1059 Hie
1076 1028 1199 1059 baiulus

1037 1083 1175 1105 summae
1200 1076 1340 1106 caritatis

992 1121 1076 1160 Opus
1102 1120 1165 1160 egit

1038 1175 1175 1198 summae
1197 1166 1336 1205 pietatis,

992 1213 1089 1251 Quem
1111 1213 1263 1244 Dominus

1037 1267 1175 1291 summae
1199 1259 1370 1290 maiestatis

992 1305 1168 1344 Praeelegit

1037 1351 1215 1382 huiusmodi
1238 1350 1320 1384 fatis

924 1397 962 1430 V.
992 1397 1159 1429 Fortitudo

1037 1443 1107 1481 Dei,
1130 1452 1210 1482 quae
1233 1444 1335 1483 latuit,

991 1490 1053 1521 Per
1075 1490 1158 1520 1111110
1181 1488 1295 1521 fortem

1038 1536 1189 1567 miranter
1212 1537 1324 1576 patuit,

991 1582 1044 1613 Ad
1068 1581 1164 1613 fortia

1039 1636 1107 1659 eum
1130 1636 1254 1660 manum
1279 1629 1392 1668 posuit.

934 1713 965 1743 3.
990 1710 1081 1742 Nova
1103 1711 1174 1742 luce

1036 1766 1119 1789 nunc
1140 1766 1198 1796 per
1223 1757 1404 1790 Gabrielem

997 1804 1172 1835 Illustravit

1035 1851 1184 1889 populum
1208 1849 1334 1882 fidelem

988 1896 1168 1928 Altissimus

1037 1941 1201 1974 conferens
1225 1944 1379 1976 medelam

990 1989 1176 2020 Hominibus

1039 2040 1067 2065 et
1092 2034 1186 2066 fidam
1211 2037 1350 2068 tutelam.

921 2080 960 2112 V.
991 2080 1137 2112 Gaudent
1160 2089 1265 2112 omnes

1043 2129 1075 2157 et
1095 2127 1235 2165 gaudent
1254 2128 1368 2168 singuli

993 2174 1053 2204 Pro
1076 2172 1213 2204 adventu

1039 2219 1091 2257 pio
1117 2221 1148 2249 et
1170 2219 1279 2251 humili

995 2264 1103 2296 Nostri
1127 2264 1208 2303 Iesu,

1040 2309 1170 2341 infantis
1194 2313 1326 2350 parvuli.
