1650 2542
669 97 900 131 —23-

596 205 623 236 5.
664 207 706 237 De
726 207 831 237 saneto
854 207 979 238 Evodio.

883 276 1013 317 Semper
1038 286 1166 309 crevere

926 324 959 354 in
984 324 1053 363 lege
1076 324 1213 356 Domini.

283 272 325 302 In
354 273 383 304 1.
411 273 623 312 vesperis.

351 354 544 390 Antiphonae.

825 389 855 419 3.
883 387 950 419 Non
978 391 1127 419 aruerunt

928 442 1033 465 corum
1059 434 1214 475 dogmata,

882 480 943 512 Sed
970 481 1086 513 Christi
1112 490 1199 521 seges

929 528 1098 566 complevit
1120 528 1242 560 horrea.

156 419 188 450 1.
213 419 369 452 Evodium
395 422 503 460 genuit

259 464 335 497 felix
360 468 533 506 Aquitania
556 472 661 508 partu.

155 522 185 552 2.
211 522 365 553 Arvernis
387 524 509 562 genitus

258 569 367 599 micuit
391 570 478 608 quasi
502 570 616 602 lucifer
640 574 736 605 ortus.

155 624 186 656 3.
213 623 347 656 Consule
372 625 424 664 qui
449 628 540 657 natus

257 668 294 700 fit
319 671 358 702 de
382 680 476 711 grege
496 675 605 711 pastor
621 676 752 707 amatus,

154 727 185 758 4.
213 725 374 757 Scutarius
398 727 517 759 Romae

1012 628 1216 663 Responsoria.

822 703 852 735 1.
879 702 955 734 Post
978 703 1139 734 decessum
1165 703 1351 735 confessoris

926 750 1009 780 beati
1035 749 1172 791 Georgii,

256 773 395 804 servavit
420 774 566 814 dogmata
590 784 727 810 normae.

153 828 183 859 5.
209 827 271 858 Hic
297 828 376 859 dono
403 830 563 861 denarium

257 875 394 913 complet
410 884 571 906 numerum
585 878 750 910 sociorum.

325 957 369 983 Ad
390 956 567 992 Magnificat.

137 1022 176 1055 A.
207 1022 311 1054 Adest
336 1024 404 1054 dies
427 1025 605 1055 veneranda

254 1069 375 1100 devotis
400 1069 556 1108 fidelibus,

205 1115 241 1146 In
268 1124 329 1154 qua
352 1117 479 1154 praesul
504 1126 541 1148 ac
564 1116 735 1160 confessor,

251 1162 362 1193 beatus
386 1162 537 1203 Evodius‚

203 1208 253 1239 Ac
276 1211 404 1240 senator
428 1209 515 1240 urbis
539 1210 666 1248 Romae,

248 1254 362 1286 nobilis
388 1255 562 1296 Scutarius,

202 1300 265 1331 Per
288 1301 411 1341 insigne
436 1303 618 1334 meritorum

247 1348 347 1378 iuncti
372 1352 445 1379 sunt
471 1350 668 1381 caelestibus.

269 1460 329 1490 Ad
355 1460 617 1493 Matutinum.

331 1542 543 1569 Invitatorium.

199 1599 376 1630 Adoremus

244 1645 417 1684 principem
445 1646 590 1684 omnium,

199 1693 256 1730 Qui
283 1692 408 1723 beatum

246 1737 322 1770 fecit
341 1738 496 1771 Evodium

198 1784 336 1824 Eiusque
360 1786 444 1816 vitae

244 1840 351 1870 parem
378 1831 564 1865 Scutarium.

252 1943 294 1975 In
324 1944 354 1976 1.
381 1944 520 1976 Noctu
533 1953 616 1977 rno.

334 2018 529 2054 Antiphonae.

163 2101 169 2108 .
196 2075 258 2106 Vos
286 2075 483 2107 Vallanensis

241 2122 385 2153 doctores
410 2123 544 2162 populus

194 2169 332 2208 Suscipit
358 2167 456 2200 fultus

242 2216 356 2247 divinis
382 2217 560 2250 virtutibus,

135 2274 166 2305 2.
191 2272 242 2304 Ad
265 2272 480 2303 seminandum

241 2319 393 2350 culturam
419 2319 480 2351 Dei

879 796 1076 827 Vallanensis
1101 797 1250 836 episcopi,

924 842 1013 880 plebs
1039 843 1203 874 commissa
1226 844 1380 881 praesulis

921 887 1036 919 Evodii

877 934 1030 965 Pastorali
1057 943 1149 965 curae
1173 943 1279 973 parem

922 981 1098 1011 sanctitatis
1124 981 1242 1018 habuit,

837 1049 843 1056 .
874 1025 916 1057 Ut
943 1026 982 1056 de
1006 1025 1092 1057 fonte
1116 1027 1282 1057 salvatoris

921 1075 1093 1103 mereretur
1116 1072 1213 1111 refici,

876 1118 937 1149 Per
961 1127 1078 1157 pascua
1102 1120 1237 1150 virentia

920 1173 1015 1204 super
1038 1168 1156 1196 terram
1180 1166 1321 1206 provehi.

842 1256 848 1262 .
876 1229 1068 1261 Sublimatus
1094 1239 1166 1270 ergo
1191 1232 1291 1262 sancti

920 1277 1118 1315 praesulatus
1144 1278 1295 1309 cathedra

873 1323 1034 1354 Exorante
1058 1324 1199 1365 muliere,

919 1379 1009 1409 quam
1036 1370 1144 1408 leprae
1168 1374 1335 1402 sanaverat

870 1416 983 1447 Morbo
1006 1419 1107 1447 mater
1130 1417 1202 1448 Iesu
1227 1417 1354 1457 Christi,

919 1459 1030 1505 [virgo]
1057 1463 1278 1505 sacratissima,

869 1509 921 1540 Ad
946 1509 1090 1540 Anicium
1117 1508 1292 1541 transferre

918 1564 1002 1586 suam
1028 1556 1132 1587 sedem
1160 1561 1339 1599 praeparat,

832 1625 839 1632 .
868 1601 916 1633 Ibi
944 1602 1024 1633 enim
1049 1603 1177 1634 sanitati

913 1649 1040 1680 reddita
1065 1652 1113 1680 est
1134 1649 1250 1680 misera

871 1695 930 1725 Per
954 1695 1089 1726 Mariam
1118 1696 1317 1728 salvatricem

915 1742 972 1773 sub
990 1743 1091 1773 noctis
1114 1743 1231 1782 vigilia.

812 1827 843 1840 ..
868 1808 958 1839 Tunc
983 1810 1172 1847 congregata

915 1854 1009 1893 plebe
1033 1853 1184 1893 fidelium,

870 1899 943 1931 Cum
969 1901 1040 1939 ipsa
1063 1904 1196 1932 montem

914 1948 994 1986 petit
1017 1947 1171 1991 Anicium,

867 1993 930 2025 Ubi
958 1992 1076 2025 factum

913 2043 981 2072 erat
1003 2042 1197 2084 miraculum,

866 2086 915 2118 Ibi
941 2087 1080 2119 divinum

914 2137 996 2165 esset
1020 2136 1178 2167 oraculum

814 2180 834 2212 ”.
863 2181 915 2212 Ad
940 2182 1150 2214 venerandam

911 2228 1062 2268 virginem
1088 2229 1211 2260 beatam

865 2274 909 2307 Et
932 2274 1182 2308 transferendam

912 2323 1066 2360 praesulis
1091 2324 1283 2355 cathedram.
