1650 2542
750 149 1002 182 —266—

308 237 363 269 Cui
388 238 495 270 vivens
518 240 643 271 humilis

353 288 464 315 cuncta
487 286 623 324 superba
646 287 770 325 premit.

250 339 280 370 3.
307 338 435 370 Sumere
458 343 610 371 sacratum

351 386 464 416 missae
474 387 600 424 cupiens
609 391 844 427 sacramentum,

306 430 365 461 Cor
389 432 502 469 plorat,
527 435 596 463 acta
619 433 686 471 luit,

350 477 454 507 oculos
477 478 572 518 lavat,
592 479 700 510 abdita
715 481 842 519 pandit;

234 522 271 553 V.
303 521 440 553 Sumitur
464 531 535 553 esca
559 525 669 566 crucis,

350 570 381 598 et
412 577 498 599 mens
523 569 575 607 pia
599 573 665 602 tota
688 572 841 612 liquescit,

301 613 414 644 Dulcia
439 623 505 645 cum
531 616 666 647 lacrimis

346 660 428 690 inter
452 670 557 692 amara
580 662 669 695 bibit.

361 798 407 829 In
434 800 463 831 3.
489 799 546 830 No
559 803 715 836 cturno.

436 890 627 926 Antiphonae.

244 963 274 995 1.
298 963 430 995 Florens
455 966 611 997 excelsum

343 1011 457 1041 meruit
480 1013 687 1044 conscendere
709 1015 826 1047 caelum

297 1056 443 1087 Plantula
466 1058 604 1090 iustitiae

343 1103 469 1133 caelesti
492 1104 597 1135 iuncta
621 1114 762 1139 coronae.

240 1157 270 1187 2.
295 1156 386 1188 Hunc
410 1166 468 1188 nec
490 1168 601 1191 avarus
625 1170 711 1192 amor

339 1212 398 1233 nec
421 1213 517 1236 vanus
541 1206 640 1237 honor
661 1210 792 1245 potuere

294 1248 361 1279 Nec
385 1250 484 1288 turpis
509 1250 615 1283 fervor

338 1296 462 1326 virtutis
486 1297 525 1327 ab
551 1307 623 1329 arce
646 1308 780 1332 movere.

237 1351 267 1381 3.
293 1352 377 1386 Quae
401 1352 522 1389 quaerit
542 1352 717 1391 Dominum,

340 1399 466 1434 generat
490 1400 647 1436 generatio
671 1404 821 1443 sanctum,

298 1441 354 1479 Qui
378 1441 543 1474 Dominum
568 1446 697 1483 quaerit,

340 1490 371 1517 et
394 1497 484 1527 quem
500 1490 650 1522 Dominus
667 1492 833 1526 benedicit.

424 1580 552 1616 Respons
560 1584 629 1609 oria.

225 1653 254 1684 1.
281 1654 463 1693 Angelicam
487 1657 582 1688 vitam

336 1700 513 1733 Ludovicus
540 1704 630 1735 duxit
655 1708 686 1735 et
709 1706 819 1737 almam

290 1746 427 1777 Mundus
452 1748 490 1779 ab
515 1749 574 1780 hoc
597 1751 711 1782 mundo

336 1794 509 1830 procedens
533 1796 623 1827 hoste
646 1797 783 1836 subacto,

219 1838 256 1869 V.
288 1838 350 1869 Hic
374 1847 467 1871 carne
491 1849 562 1872 caro

338 1886 440 1916 carnis
465 1887 532 1918 sine
558 1889 686 1920 crimine
709 1891 796 1930 virgo

291 1931 438 1963 Creditur
462 1935 635 1973 angelicum

335 1980 544 2016 promeruisse
568 1982 708 2020 gradum.

230 2032 261 2061 2.
286 2032 390 2062 Anxia
414 2034 509 2065 corda
531 2035 640 2067 iuvans

335 2080 366 2107 et
389 2079 532 2112 morbida
556 2090 689 2121 corpora
706 2092 827 2124 curanS,

286 2122 449 2162 Languida
473 2129 507 2156 tu
531 2136 615 2170 sana,

333 2171 448 2201 nostris
471 2181 528 2211 pro
552 2172 665 2205 finibus
691 2185 754 2213 ora,

219 2215 257 2247 V.
285 2215 454 2255 Ludovice,
480 2227 599 2258 preces,

334 2260 427 2294 facito
452 2265 588 2303 gaudere
611 2265 730 2310 fideles,

288 2308 369 2338 Nam
395 2312 450 2340 tua
474 2311 554 2342 dona
578 2316 697 2354 petunt,

333 2356 385 2393 qui
409 2359 462 2387 tua
486 2355 567 2389 festa
592 2359 705 2393 colunt.

824 1733 831 1747 5

1061 242 1106 273 In
1133 243 1359 278 Laudibus

1110 316 1303 352 Antiphonae.

917 372 946 402 1.
973 371 1093 411 Omnia,
1120 373 1252 411 Christe,
1275 383 1345 405 mea

1019 419 1069 448 vel
1092 419 1161 450 iura
1186 421 1232 451 vel
1258 421 1367 452 inclita
1390 429 1486 461 regna

973 464 1080 496 Victus
1105 474 1210 496 amore
1233 469 1286 497 tuo

1019 513 1190 549 spontanea
1213 516 1317 544 mente
1341 514 1493 553 relinquo.

913 566 945 598 2.
970 566 1023 596 Ad
1044 575 1113 597 mea
1137 567 1218 598 dona
1240 569 1322 609 veni,

1015 612 1183 655 Ludovice,
1211 616 1361 652 perennia
1387 616 1475 653 caeli,

967 658 1024 696 Qui
1049 660 1103 689 tua
1127 663 1239 690 cuncta
1263 661 1339 691 mihi

1014 706 1114 735 tecum
1140 706 1259 744 pariter
1283 707 1430 738 tribuisti.

914 760 944 791 3.
972 759 1104 799 Christo,
1130 769 1191 791 non
1215 763 1330 794 mundo

1013 805 1191 837 Ludovicus
1217 811 1345 846 pectore
1368 811 1495 848 mundo,

967 851 1051 892 Paci,
1077 862 1139 884 nou
1160 853 1209 884 liti

1012 906 1047 928 se
1069 899 1202 937 praebet
1223 903 1352 939 pectore
1375 902 1453 934 miti.

908 954 939 984 4.
965 953 1011 983 Te
1034 953 1184 985 benedico
1209 955 1319 996 Deum,

1016 1000 1089 1037 quia
1111 1009 1161 1031 me
1179 1002 1345 1033 devincere
1361 1004 1509 1034 mundum

964 1045 1086 1076 Intacto
1111 1047 1191 1077 calle

1010 1090 1123 1130 fecisti,
1148 1102 1205 1124 rex
1230 1094 1404 1126 benedicte.

907 1147 937 1178 5.
963 1146 1123 1178 Laudibus
1149 1148 1264 1179 excelsi

1008 1200 1095 1223 mens
1118 1194 1284 1234 invigilans
1309 1195 1462 1226 Ludovici

964 1238 1105 1269 Aedibus
1131 1240 1278 1279 angelicis

1008 1285 1106 1315 sacris
1130 1287 1267 1318 sociatur
1290 1287 1322 1317 in
1347 1288 1482 1326 hymnis.

1075 1357 1120 1384 Ad
1139 1358 1320 1386 Benedictus.

891 1414 931 1445 A.
961 1414 1056 1450 Quem
1080 1414 1166 1445 Deus
1191 1416 1315 1446 extollit

1009 1462 1041 1490 et
1064 1461 1150 1492 cuius
1175 1470 1264 1500 opem
1289 1464 1373 1501 capit
1395 1464 1490 1506 orbis,

962 1505 1039 1537 Eius
1064 1507 1196 1538 virtutes

1007 1553 1137 1584 ascribit
1159 1563 1245 1593 papa
1266 1555 1429 1586 Iohannes.

1021 1692 1067 1723 In
1094 1693 1123 1724 2.
1149 1693 1364 1731 Vesperis„

1074 1764 1121 1790 Ad
1139 1765 1316 1801 Magnificat.

888 1821 928 1850 A.
958 1820 982 1850 Ο
1008 1820 1060 1859 qui
1083 1825 1236 1861 perpetua

1003 1867 1130 1905 gaudes,
1156 1868 1327 1912 Ludovice‚
1357 1879 1481 1913 corona,

955 1912 1118 1944 Excusans
1143 1923 1199 1945 ora

1002 1968 1060 1997 pro
1086 1960 1175 1991 nobis
1200 1962 1310 1993 mortis
1334 1963 1367 1993 in
1392 1963 1479 1997 hora.

1063 2032 1131 2059 Alia
1149 2033 1326 2069 Antiphona.

955 2088 1031 2119 Flos
1055 2090 1161 2129 regale
1184 2098 1290 2128 genus,

1000 2134 1125 2165 humilis
1142 2144 1237 2177 mens,
1263 2138 1380 2170 munda
1395 2139 1500 2173 iuven-

1276 2186 1336 2223 tus,

956 2226 1141 2258 Pontificale
1166 2228 1271 2269 decus,

1003 2282 1093 2303 sacra
1117 2274 1191 2314 vita,
1217 2275 1358 2315 scientia,
1385 2279 1485 2310 virtus

956 2318 1011 2358 Te,
1036 2319 1207 2359 Ludovice,
1232 2322 1379 2362 probant,

998 2368 1030 2395 te
1052 2369 1160 2397 nostra
1181 2369 1342 2407 rogamina
1362 2372 1500 2410 pulsant.
