1650 2542
824 130 864 134 -
914 110 1051 144 36..-

724 198 770 228 30.
799 199 843 229 De
863 200 970 229 sancta
987 199 1144 240 Hcdwige.

428 263 473 294 In
499 265 528 296 1.
555 266 765 305 Vesperis.

503 337 694 374 Antiphonae.

312 390 343 421 1.
368 391 481 430 Fulget
503 393 536 423 in
558 394 632 424 orbe
657 394 723 425 dies

410 437 503 468 hodie
528 439 729 470 celeberrima
752 443 827 480 toto,

363 481 486 513 Gaudia
509 484 655 515 millesies

406 530 584 566 repetamus
607 530 742 569 supplici
766 534 849 565 voto.

324 605 331 612 .
356 580 426 611 Lux
451 583 580 614 celebris
604 584 699 616 micat
709 585 742 616 in
758 587 896 619 tenebris

403 627 566 660 dulcedine
589 630 692 670 plena,

354 672 516 705 Ecclesiae
540 674 638 715 fulget
662 677 755 709 hodie

402 723 544 753 matrona
567 731 686 755 serena.

323 798 330 806 .
355 774 459 814 Digna
481 774 553 816 fide,
581 777 713 818 domina,
739 779 799 811 tibi
824 781 863 812 de

400 821 520 852 meritis
543 824 722 856 meritorum

353 866 421 897 Rex
444 867 538 899 hodie
563 869 617 901 dat
640 879 737 910 regna
759 873 811 911 pie

397 922 491 952 super
514 917 599 946 astra
621 917 774 955 polorum.

316 991 323 998 .
348 967 506 1008 Hedwigis
532 971 673 1010 celebris,

398 1015 482 1045 cuius
508 1017 681 1049 clarissima
699 1019 816 1052 crebris

349 1059 449 1091 Fama
471 1061 551 1093 nitet
573 1064 679 1104 signis,

392 1107 475 1137 omni
498 1109 707 1142 modulamine
732 1112 843 1152 dignis,

462 1179 507 1207 Ad
525 1182 700 1217 Magnificat.

308 1258 315 1265 .
345 1234 464 1275 Gaude,
489 1238 588 1269 solum
612 1240 752 1279 silesiae,

388 1281 468 1314 Ixam
492 1286 547 1315 tua
572 1286 688 1326 colona,

338 1326 507 1369 Hedwigis,
535 1331 627 1363 decus
652 1333 846 1375 Trebniciae,

385 1373 506 1406 Nobilis
530 1381 681 1419 matrona,

337 1418 436 1451 Facta
461 1423 603 1455 caelestis
626 1426 750 1463 patriae

385 1465 468 1498 Civis
493 1471 524 1499 et
546 1472 689 1511 patrona,

335 1510 462 1544 Tiansit
484 1515 524 1545 ad
553 1516 672 1548 culmen
698 1518 816 1557 gloriae

380 1558 480 1598 Regni
504 1569 572 1592 cum
598 1571 720 1598 corona.

390 1669 452 1701 Ad
476 1671 745 1706 Matutinum.

460 1742 670 1772 Invitatorium.

329 1795 449 1828 Assunt
471 1800 633 1833 sollemnia

373 1843 532 1885 Hedwigis
561 1847 680 1889 beatae,

329 1887 429 1920 Canat
451 1892 582 1925 ecclesia

373 1935 449 1967 Cum
473 1938 674 1973 iucunditate.

385 2046 428 2077 In
454 2048 483 2081 1.
509 2049 566 2081 No
578 2054 734 2085 cturno.

474 2120 662 2158 Antiphonae.

289 2195 296 2203 .
321 2172 370 2204 Ex
394 2178 556 2215 praeclaro
581 2182 710 2214 conubio

366 2220 449 2253 Nata
474 2224 561 2256 ducis
584 2228 753 2273 Meraniae,

320 2265 491 2305 Copulatur
515 2273 658 2313 coniugio

364 2314 520 2360 Heinrico,
549 2318 619 2350 duci
644 2321 770 2356 Slesiae.

974 269 1005 299 2.
1031 268 1135 300 Potita
1158 271 1354 303 matrimonio

1075 315 1167 347 Prole
1192 317 1318 348 dotatur
1340 318 1449 361 nobili,

1029 360 1090 393 Sed
1117 363 1269 394 castitatis
1294 364 1379 403 optio

1073 409 1153 440 Voto
1177 412 1282 441 manet
1304 410 1465 444 immobili.

968 472 999 503 3.
1028 471 1214 505 Christianis
1240 475 1374 506 cultibus

1069 519 1193 551 Prolem
1217 522 1425 561 mancipatam

1022 564 1085 596 Sub
1110 566 1247 598 honestis
1271 568 1411 599 moribus

1068 611 1180 644 Servat
1204 614 1379 647 educatam.

962 675 993 706 4.
1019 675 1188 708 Mundanis
1211 677 1380 710 honoribus

1062 722 1173 753 Finem
1197 724 1305 755 volens
1331 725 1416 764 dare,

1018 767 1106 799 Haeo
1130 769 1170 800 ad
1195 770 1292 801 vitam
1317 772 1466 804 caelibem

1065 814 1175 854 Coepit
1198 816 1356 850 anhelare.

960 878 989 908 5.
1015 878 1045 908 A
1069 879 1139 919 lege
1159 880 1242 912 thori
1266 882 1367 914 libera

1060 925 1128 957 Viri
1156 927 1194 958 de
1220 936 1369 960 consensu

1012 969 1170 1003 Virtutum
1194 974 1260 1013 agit
1281 983 1379 1013 opera

1060 1017 1169 1050 Cordis
1194 1020 1226 1051 in
1251 1029 1392 1054 ascensu.

955 1082 984 1114 6.
1011 1081 1113 1114 Dictis
1138 1086 1325 1124 evangelicis

1054 1130 1171 1160 Aurem
1196 1131 1409 1171 impendebat,

1006 1175 1161 1215 Quotquot
1185 1178 1248 1208 dici
1270 1182 1426 1220 poterant,

1052 1221 1167 1254 Missas
1191 1224 1349 1257 audiebat.

1140 1315 1343 1350 Responsoria.

947 1368 976 1400 1.
1004 1367 1123 1409 Gaude,
1148 1373 1239 1410 prole
1261 1374 1318 1404 tali
1342 1377 1418 1406 nata

1047 1415 1097 1446 Ex
1121 1419 1163 1457 te,
1190 1428 1207 1449 ο
1231 1419 1385 1462 Merania,

1000 1460 1110 1493 Laude
1136 1464 1221 1495 cuius
1245 1466 1400 1499 honorata

1047 1508 1164 1541 Iubilat
1187 1511 1309 1552 Silesia,

999 1554 1088 1586 Haec
1112 1559 1160 1587 est
1182 1557 1327 1599 Hedwigi
1329 1569 1343 1591 s
1368 1560 1462 1593 beata

1044 1600 1215 1641 Refulgens
1239 1613 1298 1643 per
1296 1569 1476 1647 glprodigia.

929 1644 966 1678 V.
995 1646 1168 1679 Mulierem
1175 1650 1289 1688 fortem
1299 1652 1370 1691 quis
1378 1653 1542 1686 inveniet?

990 1693 1108 1731 procul
1140 1696 1167 1725 et
1199 1696 1237 1727 de
1264 1698 1389 1731 «ultimis
1420 1700 1540 1739 finibus

988 1740 1133 1776 pretium
1158 1741 1235 1774 eius.

939 1802 968 1833 2.
994 1802 1122 1843 Signum
1145 1805 1282 1847 refulget
1304 1809 1337 1841 in
1362 1812 1459 1853 caelo,

993 1849 1110 1882 Mulier
1134 1853 1249 1885 amicta
1272 1857 1342 1888 velo

1039 1897 1135 1929 Radii
1159 1901 1280 1943 solaris,

994 1941 1150 1976 Coronata
1173 1947 1340 1988 sideribus,

990 1988 1112 2022 Lunam
1133 1992 1267 2024 subiecit
1289 1995 1425 2033 pedibus

1035 2035 1153 2069 Laudis
1176 2041 1368 2080 temporalis

919 2079 957 2111 V.
988 2079 1051 2112 G'uz'
1083 2081 1227 2117 Christus
1265 2087 1367 2120 vivere
1406 2092 1475 2121 erat
1506 2093 1534 2123 et

987 2128 1073 2159 mori
1094 2129 1229 2165 lucrum.

930 2190 961 2223 3.
984 2191 1033 2222 Ex
1057 2193 1155 2225 nobili
1179 2197 1278 2237 stirpe
1303 2202 1388 2242 nata,

1032 2239 1175 2273 Moribus
1200 2244 1348 2289 nobilior,

984 2283 1114 2317 Calcans
1138 2290 1248 2321 mundi
1274 2292 1420 2335 delicata,

1025 2331 1072 2363 Te
1094 2333 1165 2372 ipsa
1184 2337 1357 2380 sublimior,
