1650 2542
662 128 903 163 —115—

219 215 301 242 Brev.
335 225 388 243 ms.
413 218 679 254 Hieronymitarum
704 223 773 250 anni
801 221 880 251 1463.
927 224 995 251 Cod.
1021 225 1166 251 Μελ-111611,
1193 225 1216 252 A
1245 224 1305 253 169.
1331 227 1364 254 A.
1390 243 1420 247 —

142 252 226 279 Brev.
256 261 308 279 ms.
328 254 485 282 Troianum
505 265 580 285 saec.
603 256 645 285 15.
687 260 755 287 Ood.
776 261 958 296 Neapolitan.
978 262 1020 288 VI
1037 262 1063 288 E
1086 260 1127 289 16.
1148 265 1182 288 15.
1204 278 1233 282 —
1266 264 1349 291 Brev.
1369 265 1424 292 FF.

144 288 172 315 S.
193 290 363 324 Hieronymi
389 292 457 327 imp.
479 294 611 329 Lugduni
640 294 719 323 1547.
741 297 770 324 C.
799 313 836 317 -
865 298 907 325 In
935 297 957 325 1.
978 299 1081 334 Vesp.
1102 297 1124 324 A
1148 298 1171 332 1,
1194 298 1208 327 1
1234 301 1348 328 Vadens
1374 311 1425 336 per

144 325 173 352 C.
201 341 235 345 —
263 325 285 352 A
306 325 331 360 2,
354 326 369 355 1
399 330 565 365 magnificas
587 332 619 359 Ο.
643 348 675 352 —-
707 332 728 359 A
749 332 774 368 2,
795 332 812 362 3
832 336 959 370 applicas
981 336 1011 363 C.
1044 350 1079 354 —-
1105 334 1126 362 A
1147 335 1172 371 3,
1194 335 1211 365 3
1231 337 1317 365 Sacro
1337 339 1425 366 flante

142 363 175 389 Β.
206 378 240 382 -
269 363 291 389 Α
311 363 337 399 4,
359 363 376 391 2
396 366 436 393 Et
455 368 575 396 coelitus
597 372 674 397 cives
694 371 726 397 B.
751 386 787 390 -
816 371 837 397 A
857 371 883 405 4,
903 371 922 399 4
941 373 980 399 Et
997 373 1179 408 Ieronymum
1199 375 1230 402 Β.
1256 391 1291 394 --
1317 373 1338 400 A
1360 374 1385 409 5,
1407 375 1424 403 2

141 401 184 429 Ut
202 410 303 428 norma
316 402 348 429 B.
369 417 405 421 —
426 402 447 429 A
469 403 495 437 5,
516 403 533 432 3
554 407 610 440 Qui
631 407 744 434 dotavit
758 409 789 435 B.
810 423 845 427 —
866 408 888 435 A
908 409 934 442 5,
955 408 973 437 4
991 411 1032 437 Et
1051 419 1147 438 omnes
1161 413 1192 439 B.
1213 426 1249 430 —-
1269 412 1313 439 Ad
1326 413 1422 449 Magn.

143 436 173 470 A,
201 436 219 464 2
238 439 301 466 Deo
330 440 406 467 silva
430 442 578 476 praedicat
601 444 633 470 B.
653 460 690 464 —
709 445 782 472 Ibid.
808 444 825 473 3
850 447 986 474 annulum
1005 448 1037 475 B.
1056 463 1095 467 —-
1112 449 1185 476 Ibid.
1205 446 1223 476 8
1242 449 1313 476 fehlt
1334 451 1366 477 B.
1386 465 1424 469 —

140 475 227 502 Iuvit.
247 473 265 503 3
286 476 431 504 Christum
451 487 547 514 regem
567 489 632 508 eum
650 482 734 509 beato
752 483 903 517 Ieronymo
918 485 976 511 Ao.
996 499 1031 503 —
1051 485 1093 512 In
1115 484 1138 511 l.
1159 486 1256 513 Noet.
1270 486 1362 522 Super
1374 488 1422 514 ΡΒ.

139 521 194 539 nur
214 514 278 540 eine
298 512 329 546 A,
353 515 399 541 die
419 519 494 543 erste
514 517 571 544 AO.
592 533 630 537 —
650 517 671 544 A
695 517 718 551 1,
741 518 755 546 1
775 521 897 547 Intravit
918 522 1072 549 monachus
1093 523 1149 550 AO.
1173 538 1204 542 --
1227 521 1247 548 Β
1270 521 1295 558 1,
1314 523 1333 551 4
1351 525 1422 552 fehlt

140 549 172 575 B.
193 564 230 568 —
255 548 274 575 Β
298 549 323 582 1,
345 550 361 578 5
382 553 530 581 resolvens
549 555 608 582 Ac.
642 571 660 575 —
693 554 713 581 R
736 555 760 589 1,
781 556 797 584 6
816 558 857 584 Et
875 566 944 585 suae
963 561 1161 594 prosperitatis
1181 561 1238 587 Ao.
1258 575 1294 579 ——
1316 560 1335 586 R
1359 560 1383 593 1,
1405 562 1421 588 7

140 585 260 614 Saecum
280 588 337 615 Ao.
358 604 394 608 —
424 587 444 615 R
468 589 490 624 1,
511 589 529 618 8
549 592 663 619 Nudum
682 593 754 620 fehlt
772 594 829 621 AO.
849 609 885 613 —-
907 593 926 620 Β
947 593 972 626 2,
993 594 1011 621 2
1033 598 1075 623 sie
1094 597 1165 624 fehlt
1182 597 1240 624 AG.
1261 612 1296 616 —
1317 596 1336 623 R
1358 598 1383 632 2,
1405 598 1421 626 5

138 624 277 651 Errantes
298 628 327 652 et
346 627 477 654 omnibus
497 627 554 656 AO.
575 644 610 648 —
637 628 656 655 R
678 628 703 662 2,
725 629 741 657 6
761 631 836 658 Oves
858 632 930 659 fehlt
948 632 1004 659 Ac.
1025 647 1059 651 —
1082 631 1101 659 Β
1123 632 1148 666 2,
1171 633 1204 661 10
1224 636 1339 662 veniam
1357 636 1420 669 ΛΟ,

138 661 244 688 Nostre
273 671 369 689 verum
396 668 521 693 errantes
547 667 579 693 B.
604 681 640 685 —
669 665 688 693 R
716 665 741 700 3,
763 668 780 694 ’7
805 669 884 696 dedit
907 670 1024 697 artubus
1044 671 1075 697 Β.
1101 685 1135 689 ——
1163 669 1182 696 Β
1210 669 1236 704 3,
1260 671 1293 700 10
1313 674 1419 701 Divino

138 706 270 726 sermone
294 700 333 734 B,
360 701 472 729 Devoto
497 703 532 730 A.
561 719 597 723 —
622 705 662 731 In
687 703 713 731 2.
740 706 837 733 Noct.
864 705 885 732 A
909 705 932 739 1,
955 705 969 733 1
997 705 1080 734 Viam
1105 711 1231 735 nostram
1258 710 1297 742 B,
1323 718 1420 737 veram

137 733 195 762 AC.
214 750 251 755 —
277 734 323 763 AA
344 735 362 763 2
381 746 408 764 u.
429 736 447 766 3
466 739 561 768 fehlen
580 741 637 768 AC.
657 756 691 761 --
714 740 736 768 A
757 740 783 777 3,
802 742 821 770 4
839 744 1005 771 Praeferens
1025 746 1057 772 B.
1077 759 1113 763 ——
1135 743 1155 770 R
1179 744 1201 779 1,
1221 745 1240 773 4
1259 746 1317 774 Suo
1330 748 1363 774 B.
1384 762 1420 766 -—

139 770 158 797 R
186 771 210 806 1,
231 771 247 800 6
274 776 338 801 orat
361 775 392 802 B.
421 790 455 794 —
481 775 501 802 R
529 776 552 810 1,
573 777 590 804 7
616 779 797 807 madentibus
821 780 877 808 AC.
903 796 940 800 —
967 779 987 806 Β
1011 780 1033 813 1,
1054 780 1072 809 8
1097 783 1134 809 Se
1158 784 1368 811 commendavit
1391 785 1419 817 A,

136 810 197 844 Ipsi
217 819 249 837 se
268 812 478 840 commendavit
498 814 526 841 G.
548 829 585 833 —
615 813 635 840 Β
657 814 682 848 2,
706 814 720 842 1
735 817 842 844 Terrae
861 819 892 844 in
911 822 1001 846 matre
1022 820 1053 846 B.
1081 835 1117 839 —
1146 818 1167 845 A
1188 818 1213 853 2,
1234 818 1251 848 3
1271 823 1419 848 eerneritis

138 847 194 874 AG.
214 862 250 866 —
272 845 292 873 Β
313 846 339 881 2,
360 847 376 875 5
395 849 436 876 Et
455 852 610 885 spoliat-um
630 855 709 880 veste
723 853 779 886 AC,
799 855 840 881 Et
859 856 1018 890 exspoliate
1032 857 1062 883 B.
1084 871 1118 874 —
1141 855 1160 882 Β
1181 855 1207 889 2,
1228 856 1245 884 9
1265 859 1320 885 aim
1342 859 1417 886 solu-

135 886 182 910 tus
202 884 260 910 AG.
288 900 309 903 —
348 883 367 910 Β
388 884 414 918 3,
436 886 452 912 7
473 888 553 915 Bone
573 892 654 924 pater
672 891 704 917 B.
725 905 761 909 —
783 889 802 916 Β
823 889 849 923 3,
870 890 886 919 9
908 893 983 925 Quia
1002 902 1053 929 ego
1074 902 1138 920 reus
1159 893 1215 920 AC.
1234 910 1273 915 —
1294 893 1313 920 Β
1336 894 1360 928 3,
1383 894 1416 923 11

134 920 175 947 Et
198 920 302 948 edones
322 922 355 948 B.
380 938 418 942 —
440 924 481 950 In
507 923 532 952 3.
552 926 655 953 Noet.
676 925 723 952 AA
751 926 768 953 2
792 929 851 955 und
873 926 891 956 3
911 930 1004 956 fehlen
1023 930 1082 957 AG.
1106 945 1143 948 —
1172 929 1191 956 Β
1214 930 1237 965 1,
1259 930 1276 957 2
1301 935 1330 959 et
1347 932 1419 959 fehlt

133 957 192 983 AC.
215 973 250 977 —
273 957 291 983 R
315 957 338 991 1,
360 958 376 986 5
396 960 470 987 Veni
490 962 594 989 dilecte
607 964 733 996 Domini,
755 966 853 1000 aeeipe
872 968 901 992 et
919 968 1014 1001 recipe
1027 967 1084 994 AC.
1110 983 1141 986 —
1162 965 1182 992 Β
1206 968 1230 1000 1,
1251 968 1268 994 7
1285 971 1335 996 tua
1347 970 1419 996 fehlt

132 994 190 1021 AO.
211 1009 247 1013 —
270 993 289 1020 R
308 995 332 1028 1,
346 994 364 1023 8
377 997 553 1032 Praeparata
564 1003 730 1027 meruerunt
741 1002 799 1028 AO.
816 1018 846 1021 —
872 1001 890 1026 R
908 1002 931 1034 1,
946 1001 962 1030 9
977 1003 1032 1030 hoe
1045 1004 1116 1031 fehlt
1130 1005 1159 1031 B.
1174 1019 1210 1022 —
1225 1003 1245 1030 Β
1263 1004 1287 1037 1,
1304 1005 1337 1033 11
1353 1015 1418 1034 ecee

133 1031 255 1059 advenio
275 1034 307 1060 B.
330 1041 395 1061 eece
414 1035 448 1061 ad
470 1038 499 1062 te
520 1038 604 1064 venio
625 1037 681 1064 AC.
702 1052 739 1056 —
760 1036 780 1063 R
803 1037 826 1072 1,
843 1037 878 1065 12
896 1040 945 1067 Me
965 1041 1087 1075 benigne
1105 1041 1173 1068 Iesu
1192 1043 1294 1077 recipe.
1308 1043 1365 1070 AO.
1380 1058 1416 1062 —

135 1066 155 1093 Β
178 1067 202 1101 1,
224 1067 258 1097 13
279 1079 320 1105 sq.
340 1070 436 1098 fehlen
459 1072 516 1100 AO.
546 1089 567 1092 —
600 1072 619 1099 R
641 1072 666 1107 2,
689 1073 706 1101 2
724 1076 789 1102 Lux
809 1078 838 1103 et
859 1077 953 1111 gloria
972 1077 1026 1104 illa
1045 1079 1159 1113 egregia
1178 1078 1234 1106 AC.
1257 1094 1278 1098 —
1314 1078 1334 1105 R
1355 1079 1380 1114 2,
1399 1079 1416 1108 5

131 1105 203 1132 fehlt
216 1106 272 1133 AG.
293 1121 329 1125 -—
351 1105 371 1132 R
394 1106 418 1140 2,
433 1107 451 1136 8
470 1110 725 1145 lerosolymitanae
745 1112 802 1139 AC.
824 1128 859 1132 -
881 1112 900 1138 Β
921 1112 947 1146 2,
963 1112 979 1141 9
999 1115 1057 1141 iam
1076 1115 1148 1142 fehlt
1165 1115 1202 1145 B;
1223 1117 1254 1142 in
1278 1120 1415 1145 extasiam

130 1143 164 1169 A.
185 1157 221 1161 -—
241 1144 282 1170 In
301 1145 410 1171 Laud.
431 1144 453 1171 A
476 1145 500 1179 1,
523 1146 536 1174 1
558 1148 690 1175 eoelestis
710 1149 804 1185 gloria
822 1152 897 1178 mira
915 1151 947 1178 B.
969 1165 1002 1169 w·
1024 1152 1042 1177 A
1062 1150 1088 1185 4,
1110 1150 1127 1178 2
1145 1153 1314 1187 Propulsari
1335 1155 1414 1182 addi-

131 1181 187 1206 cite
206 1180 239 1207 B.
260 1195 297 1199 -—
320 1180 342 1207 A
362 1180 389 1215 4,
409 1180 427 1210 3
449 1183 561 1211 Laudes
580 1185 653 1211 fehlt
670 1186 727 1213 Ao.
748 1201 785 1206 —
805 1186 826 1212 A
848 1186 873 1219 5,
898 1186 910 1215 1
931 1188 1112 1223 Ieronymum
1134 1190 1278 1218 mlventes
1298 1192 1410 1228 linguae

128 1216 210 1243 ABC.
238 1232 271 1236 -—
299 1218 343 1245 Ad
363 1220 468 1247 Bened.
494 1219 525 1253 A,
546 1220 562 1248 5
590 1222 754 1250 videntibus
781 1225 912 1252 omnibus
932 1225 964 1252 B.
989 1240 1026 1244 —
1049 1227 1122 1253 Ibid.
1152 1226 1169 1253 7
1187 1227 1228 1254 Et
1254 1229 1285 1255 in
1313 1238 1415 1257 canere

128 1262 282 1282 conversus
303 1255 335 1282 B.
362 1270 398 1274 -—
425 1257 492 1284 Per
510 1259 626 1286 Horas
646 1258 692 1285 AA
720 1261 815 1288 fehlen
833 1262 891 1289 AC.
981 1263 1022 1289 111
1041 1261 1067 1289 2.
1087 1264 1189 1298 Vesp.
1211 1263 1242 1298 A,
1266 1264 1280 1292 1
1301 1265 1318 1292 2
1337 1267 1414 1294 Iero-

128 1299 230 1326 nymus
251 1292 324 1319 fehlt
341 1293 399 1321 Ao.
419 1309 456 1313 —
480 1293 502 1321 A
526 1294 549 1328 1,
570 1294 587 1323 3
607 1296 743 1324 Deseruit
761 1299 860 1333 procul
880 1302 945 1326 ante
964 1300 997 1326 B.
1020 1314 1055 1318 —
1077 1299 1098 1325 A
1121 1300 1144 1333 1⁷
1165 1299 1184 1328 4
1204 1302 1321 1338 Semper
1342 1304 1414 1331 dixit

125 1328 158 1354 B.
195 1345 222 1348 —
246 1328 268 1354 A
296 1328 321 1362 2,
342 1329 361 1357 4
387 1331 532 1360 Meditans
559 1333 713 1361 confitebor
739 1335 771 1361 B.
801 1351 834 1355 —-
867 1335 888 1361 A
917 1335 944 1367 4,
968 1335 982 1363 1
1008 1337 1033 1363 A
1059 1346 1168 1364 summo
1195 1341 1253 1366 aeti
1279 1342 1411 1376 spiritum

126 1364 186 1392 Ac.
207 1380 242 1384 -ν
264 1365 285 1392 A
307 1366 332 1400 5,
356 1366 370 1394 1
390 1369 495 1396 Forma
514 1371 546 1397 B.
566 1385 602 1389 —
621 1371 665 1397 Ad
683 1372 781 1407 Magn.
802 1371 832 1405 A,
853 1371 871 1399 2
895 1373 1058 1400 aedificavit
1075 1374 1133 1401 AC.
1155 1390 1188 1394 -
1208 1377 1282 1403 Ibid.
1303 1377 1320 1404 5
1337 1378 1410 1405 Nam

126 1403 205 1429 vitae
229 1404 261 1430 B.
288 1419 325 1423 —
353 1405 425 1432 Ibid.
447 1405 463 1433 6
489 1407 596 1442 Regem
624 1409 684 1444 regi
713 1410 743 1436 Β.
782 1410 841 1436 Der
861 1410 974 1438 Schluss
1001 1411 1051 1438 der
1076 1410 1123 1437 AA
1151 1414 1190 1440 ist
1214 1416 1284 1441 stets
1304 1415 1410 1451 gleich-

125 1439 243 1467 lautend
263 1441 328 1468 dem
347 1442 477 1479 Anfange
496 1444 545 1471 des
562 1445 592 1479 je
612 1445 765 1480 folgenden
781 1447 919 1475 Psalmes.

536 1533 583 1565 39.
614 1535 654 1565 De
675 1537 779 1567 saneto
799 1537 991 1576 Hieronymo.

263 1601 310 1631 In
336 1601 365 1632 1.
392 1601 599 1641 Vesperis.

333 1665 525 1699 Antiphonae.

135 1720 164 1751 1.
190 1720 332 1752 Eximius
362 1722 512 1754 ecclesiae

191 1767 322 1798 Sanetus
349 1768 458 1799 doctor
481 1769 663 1809 Ieronymus

189 1812 291 1844 Fulsit
318 1814 422 1846 divino
447 1824 575 1847 munere

188 1860 300 1899 Signis,
328 1861 477 1904 doctrina,
503 1863 652 1896 moribus.

130 1917 160 1948 2.
186 1915 302 1947 Mentis
326 1916 419 1948 simul
445 1920 476 1948 et
501 1920 640 1958 corporis

185 1962 313 1993 Ditatur
336 1964 500 2003 pudicitia,

184 2009 377 2041 Humilitatis
402 2011 525 2050 spiritu,

185 2055 274 2096 Fide,
299 2066 365 2097 spe,
390 2058 550 2096 patientia.

124 2112 155 2144 3.
182 2111 278 2143 Plura
303 2112 400 2144 dictat
425 2114 590 2153 volumina,

180 2157 321 2196 Exponit
346 2161 515 2200 evangelia,

180 2204 233 2235 Ad
258 2205 353 2236 vitam
380 2207 466 2239 ducit
488 2208 600 2250 inviOS,

179 2250 303 2282 Fit-mat
326 2252 358 2283 in
383 2252 446 2285 fide
471 2255 591 2288 dubios.

123 2308 154 2340 4.
181 2306 269 2338 Bona
298 2310 484 2349 contempsit
506 2312 630 2350 penitus

178 2353 240 2385 Pro
267 2353 391 2387 Christo
413 2358 601 2401 transitoria,

861 1607 955 1645 Spem
978 1616 1097 1646 ponens
1121 1609 1154 1639 in
1180 1611 1375 1652 caelestibus,

861 1653 989 1684 Manum
1013 1655 1099 1686 misit
1122 1656 1163 1687 ad
1188 1655 1290 1689 fortia.

804 1719 834 1752 5.
860 1718 927 1750 Deo
952 1719 1078 1758 placere
1102 1721 1224 1752 studuit

858 1765 895 1796 In
922 1766 1039 1797 cunctis
1064 1767 1128 1797 suis
1155 1768 1286 1809 actibus,

858 1812 972 1843 Plenus
1000 1813 1119 1845 dierum
1144 1814 1222 1846 obiit

857 1858 1020 1898 Fatigatus
1049 1860 1219 1896 laboribus.

973 1960 1019 1987 Ad
1044 1961 1219 1997 Magnificat-

785 2035 825 2067 A.
852 2035 945 2066 Alme
969 2036 1177 2077 redemptoris

901 2081 1070 2128 confessor,
1096 2085 1183 2125 virgo
1208 2087 1333 2128 pudice,

854 2128 972 2161 Doetor
1000 2133 1031 2161 et
1056 2132 1215 2174 ecelesiae,

899 2177 997 2208 maior
1023 2179 1071 2209 0111
1091 2179 1194 2210 nullus
1219 2180 1251 2211 in
1278 2181 1363 2221 orbe,

853 2222 1049 2256 Praeeellens
1075 2234 1204 2264 operum

900 2273 1078 2302 cunctorum
1109 2271 1210 2304 forma
1235 2274 1395 2308 bonorum.

852 2316 976 2348 Ducens
1001 2319 1173 2358 angelicam

898 2365 1022 2396 mortali
1048 2374 1178 2405 corpore
1203 2368 1309 2407 vitam,

1186 2420 1227 2449 8*
