<?xml version="1.0" encoding="UTF-8"?>
<!DOCTYPE html PUBLIC "-//W3C//DTD XHTML 1.0 Transitional//EN"
    "http://www.w3.org/TR/xhtml1/DTD/xhtml1-transitional.dtd">
<html xmlns="http://www.w3.org/1999/xhtml" xml:lang="en" lang="en">
 <head>
  <title>
</title>
<meta http-equiv="Content-Type" content="text/html;charset=utf-8" />
  <meta name='ocr-system' content='tesseract 3.04.00' />
  <meta name='ocr-capabilities' content='ocr_page ocr_carea ocr_par ocr_line ocrx_word'/>
</head>
<body>
  <div class='ocr_page' id='page_1' title='image "./analectahymnica26drevuoft_00059.png"; bbox 0 0 1650 2542; ppageno 0'>
   <div class='ocr_carea' id='block_1_1' title="bbox 782 120 1011 157">
    <p class='ocr_par' dir='ltr' id='par_1_1' title="bbox 782 120 1011 157">
     <span class='ocr_line' id='line_1_1' title="bbox 782 120 1011 157; baseline 0 -10"><span class='ocrx_word' id='word_1_1' title='bbox 782 120 1011 157; x_wconf 49' lang='lat'>*55—</span> 
     </span>
    </p>
   </div>
   <div class='ocr_carea' id='block_1_2' title="bbox 267 213 1534 764">
    <p class='ocr_par' dir='ltr' id='par_1_2' title="bbox 267 213 1534 764">
     <span class='ocr_line' id='line_1_2' title="bbox 426 213 1339 255; baseline 0 -8"><span class='ocrx_word' id='word_1_2' title='bbox 426 213 470 248; x_wconf 81' lang='lat' dir='ltr'>ln</span> <span class='ocrx_word' id='word_1_3' title='bbox 493 215 717 247; x_wconf 71' lang='lat' dir='ltr'>Laudibus</span> <span class='ocrx_word' id='word_1_4' title='bbox 995 215 1039 246; x_wconf 77' lang='lat' dir='ltr'>Et</span> <span class='ocrx_word' id='word_1_5' title='bbox 1062 215 1181 246; x_wconf 89' lang='lat' dir='ltr'>invenit</span> <span class='ocrx_word' id='word_1_6' title='bbox 1206 214 1339 255; x_wconf 79' lang='lat' dir='ltr'>gratiam</span> 
     </span>
     <span class='ocr_line' id='line_1_3' title="bbox 469 261 1534 323; baseline 0.007 -35"><span class='ocrx_word' id='word_1_7' title='bbox 469 287 651 323; x_wconf 77' lang='lat' dir='ltr'>Antiphonae</span> <span class='ocrx_word' id='word_1_8' title='bbox 1038 261 1072 292; x_wconf 88' lang='lat' dir='ltr'>in</span> <span class='ocrx_word' id='word_1_9' title='bbox 1105 264 1273 301; x_wconf 86' lang='lat' dir='ltr'>conspectu</span> <span class='ocrx_word' id='word_1_10' title='bbox 1298 263 1397 294; x_wconf 90' lang='lat' dir='ltr'>omnis</span> <span class='ocrx_word' id='word_1_11' title='bbox 1421 261 1534 295; x_wconf 80' lang='lat' dir='ltr'>carnis.</span> 
     </span>
     <span class='ocr_line' id='line_1_4' title="bbox 274 344 1353 384; baseline -0.004 -8"><span class='ocrx_word' id='word_1_12' title='bbox 274 345 304 377; x_wconf 91' lang='lat'>1.</span> <span class='ocrx_word' id='word_1_13' title='bbox 329 345 421 384; x_wconf 86' lang='lat' dir='ltr'>Ecce,</span> <span class='ocrx_word' id='word_1_14' title='bbox 447 344 592 375; x_wconf 82' lang='lat' dir='ltr'>sacerdos</span> <span class='ocrx_word' id='word_1_15' title='bbox 616 353 755 383; x_wconf 86' lang='lat' dir='ltr'>magnus,</span> <span class='ocrx_word' id='word_1_16' title='bbox 775 378 781 383; x_wconf 40' lang='lat'>¹</span> <span class='ocrx_word' id='word_1_17' title='bbox 1107 344 1152 370; x_wconf 84' lang='lat' dir='ltr'>Ad</span> <span class='ocrx_word' id='word_1_18' title='bbox 1171 344 1353 372; x_wconf 69' lang='lat' dir='ltr'>Benedictus.</span> 
     </span>
     <span class='ocr_line' id='line_1_5' title="bbox 331 389 1532 441; baseline 0.006 -15"><span class='ocrx_word' id='word_1_19' title='bbox 331 390 446 422; x_wconf 72' lang='lat' dir='ltr'>Beatus</span> <span class='ocrx_word' id='word_1_20' title='bbox 470 390 590 421; x_wconf 62' lang='lat' dir='ltr'>scilicet</span> <span class='ocrx_word' id='word_1_21' title='bbox 614 389 828 429; x_wconf 68' lang='lat' dir='ltr'>Gebehardus&gt;</span> <span class='ocrx_word' id='word_1_22' title='bbox 921 400 961 431; x_wconf 91' lang='lat' dir='ltr'>A.</span> <span class='ocrx_word' id='word_1_23' title='bbox 992 399 1068 431; x_wconf 88' lang='lat' dir='ltr'>Cum</span> <span class='ocrx_word' id='word_1_24' title='bbox 1092 401 1141 432; x_wconf 87' lang='lat' dir='ltr'>vir</span> <span class='ocrx_word' id='word_1_25' title='bbox 1163 405 1288 433; x_wconf 88' lang='lat' dir='ltr'>sanctus</span> <span class='ocrx_word' id='word_1_26' title='bbox 1305 404 1428 441; x_wconf 87' lang='lat' dir='ltr'>tempus</span> <span class='ocrx_word' id='word_1_27' title='bbox 1444 411 1532 433; x_wconf 84' lang='lat' dir='ltr'>suum</span> 
     </span>
     <span class='ocr_line' id='line_1_6' title="bbox 329 436 1355 490; baseline 0.005 -16"><span class='ocrx_word' id='word_1_28' title='bbox 329 436 388 474; x_wconf 73' lang='lat' dir='ltr'>Qui</span> <span class='ocrx_word' id='word_1_29' title='bbox 409 437 443 467; x_wconf 91' lang='lat' dir='ltr'>in</span> <span class='ocrx_word' id='word_1_30' title='bbox 467 436 533 467; x_wconf 61' lang='lat' dir='ltr'>Vita</span> <span class='ocrx_word' id='word_1_31' title='bbox 556 444 613 466; x_wconf 65' lang='lat'>⁸¹12</span> <span class='ocrx_word' id='word_1_32' title='bbox 1036 445 1171 478; x_wconf 78' lang='lat' dir='ltr'>feliciter</span> <span class='ocrx_word' id='word_1_33' title='bbox 1194 448 1355 490; x_wconf 81' lang='lat' dir='ltr'>transegit,</span> 
     </span>
     <span class='ocr_line' id='line_1_7' title="bbox 372 481 1407 526; baseline 0.007 -7"><span class='ocrx_word' id='word_1_34' title='bbox 372 481 519 512; x_wconf 65' lang='lat' dir='ltr'>SUbelSit</span> <span class='ocrx_word' id='word_1_35' title='bbox 543 481 665 512; x_wconf 74' lang='lat' dir='ltr'>domum</span> <span class='ocrx_word' id='word_1_36' title='bbox 992 491 1092 524; x_wconf 87' lang='lat' dir='ltr'>Carne</span> <span class='ocrx_word' id='word_1_37' title='bbox 1115 494 1233 524; x_wconf 83' lang='lat' dir='ltr'>solutus</span> <span class='ocrx_word' id='word_1_38' title='bbox 1255 494 1288 525; x_wconf 89' lang='lat' dir='ltr'>in</span> <span class='ocrx_word' id='word_1_39' title='bbox 1314 495 1407 526; x_wconf 88' lang='lat' dir='ltr'>caelis</span> 
     </span>
     <span class='ocr_line' id='line_1_8' title="bbox 325 527 1411 581; baseline 0.006 -16"><span class='ocrx_word' id='word_1_40' title='bbox 325 528 368 559; x_wconf 69' lang='lat' dir='ltr'>Et</span> <span class='ocrx_word' id='word_1_41' title='bbox 390 528 423 557; x_wconf 90' lang='lat' dir='ltr'>in</span> <span class='ocrx_word' id='word_1_42' title='bbox 449 527 556 558; x_wconf 61' lang='lat' dir='ltr'>diebus</span> <span class='ocrx_word' id='word_1_43' title='bbox 581 527 644 557; x_wconf 64' lang='lat' dir='ltr'>SUiS</span> <span class='ocrx_word' id='word_1_44' title='bbox 1032 539 1096 570; x_wconf 84' lang='lat' dir='ltr'>alto</span> <span class='ocrx_word' id='word_1_45' title='bbox 1121 539 1233 571; x_wconf 76' lang='lat' dir='ltr'>orienti</span> <span class='ocrx_word' id='word_1_46' title='bbox 1260 541 1411 581; x_wconf 85' lang='lat' dir='ltr'>consedit,</span> 
     </span>
     <span class='ocr_line' id='line_1_9' title="bbox 370 572 1227 617; baseline 0.004 -14"><span class='ocrx_word' id='word_1_47' title='bbox 370 572 582 603; x_wconf 86' lang='lat' dir='ltr'>corroboravit</span> <span class='ocrx_word' id='word_1_48' title='bbox 602 573 759 611; x_wconf 83' lang='lat' dir='ltr'>pietatem.</span> <span class='ocrx_word' id='word_1_49' title='bbox 988 584 1095 615; x_wconf 69' lang='lat' dir='ltr'><strong>Ten-js</strong></span> <span class='ocrx_word' id='word_1_50' title='bbox 1120 586 1227 617; x_wconf 70' lang='lat' dir='ltr'>lucens</span> 
     </span>
     <span class='ocr_line' id='line_1_10' title="bbox 267 626 1367 671; baseline 0.004 -11"><span class='ocrx_word' id='word_1_51' title='bbox 267 630 297 660; x_wconf 86' lang='lat'>2.</span> <span class='ocrx_word' id='word_1_52' title='bbox 324 627 454 659; x_wconf 84' lang='lat' dir='ltr'>Sanctus</span> <span class='ocrx_word' id='word_1_53' title='bbox 478 627 604 665; x_wconf 87' lang='lat' dir='ltr'>praesul</span> <span class='ocrx_word' id='word_1_54' title='bbox 629 626 832 660; x_wconf 83' lang='lat' dir='ltr'>Gebehardus</span> <span class='ocrx_word' id='word_1_55' title='bbox 1031 633 1068 661; x_wconf 89' lang='lat' dir='ltr'>ut</span> <span class='ocrx_word' id='word_1_56' title='bbox 1090 632 1182 663; x_wconf 86' lang='lat' dir='ltr'>stella</span> <span class='ocrx_word' id='word_1_57' title='bbox 1205 633 1367 671; x_wconf 82' lang='lat' dir='ltr'>matutina,</span> 
     </span>
     <span class='ocr_line' id='line_1_11' title="bbox 321 673 1254 709; baseline 0.006 -6"><span class='ocrx_word' id='word_1_58' title='bbox 321 673 419 704; x_wconf 85' lang='lat' dir='ltr'>Dedit</span> <span class='ocrx_word' id='word_1_59' title='bbox 447 673 481 703; x_wconf 92' lang='lat' dir='ltr'>in</span> <span class='ocrx_word' id='word_1_60' title='bbox 506 673 738 705; x_wconf 83' lang='lat' dir='ltr'>celebritatibus</span> <span class='ocrx_word' id='word_1_61' title='bbox 765 675 859 706; x_wconf 90' lang='lat' dir='ltr'>decus</span> <span class='ocrx_word' id='word_1_62' title='bbox 988 676 1113 708; x_wconf 82' lang='lat' dir='ltr'>Miseris</span> <span class='ocrx_word' id='word_1_63' title='bbox 1138 679 1254 709; x_wconf 86' lang='lat' dir='ltr'>auxilia</span> 
     </span>
     <span class='ocr_line' id='line_1_12' title="bbox 319 719 1427 764; baseline 0.007 -15"><span class='ocrx_word' id='word_1_64' title='bbox 319 719 363 750; x_wconf 86' lang='lat' dir='ltr'>Et</span> <span class='ocrx_word' id='word_1_65' title='bbox 385 719 508 750; x_wconf 86' lang='lat' dir='ltr'>ornavit</span> <span class='ocrx_word' id='word_1_66' title='bbox 530 721 671 758; x_wconf 86' lang='lat' dir='ltr'>tempora</span> <span class='ocrx_word' id='word_1_67' title='bbox 695 729 792 759; x_wconf 88' lang='lat' dir='ltr'>usque</span> <span class='ocrx_word' id='word_1_68' title='bbox 1034 723 1158 762; x_wconf 89' lang='lat' dir='ltr'>saepius</span> <span class='ocrx_word' id='word_1_69' title='bbox 1182 723 1287 755; x_wconf 88' lang='lat' dir='ltr'>ferens</span> <span class='ocrx_word' id='word_1_70' title='bbox 1312 727 1427 764; x_wconf 87' lang='lat' dir='ltr'>opima.</span> 
     </span>
    </p>
   </div>
   <div class='ocr_carea' id='block_1_3' title="bbox 315 765 1336 982">
    <p class='ocr_par' dir='ltr' id='par_1_3' title="bbox 315 765 1336 982">
     <span class='ocr_line' id='line_1_13' title="bbox 361 765 836 806; baseline 0.006 -11"><span class='ocrx_word' id='word_1_71' title='bbox 361 765 401 796; x_wconf 89' lang='lat' dir='ltr'>ad</span> <span class='ocrx_word' id='word_1_72' title='bbox 427 765 719 797; x_wconf 87' lang='lat' dir='ltr'>consummationem</span> <span class='ocrx_word' id='word_1_73' title='bbox 745 768 836 806; x_wconf 90' lang='lat' dir='ltr'>vitae,</span> 
     </span>
     <span class='ocr_line' id='line_1_14' title="bbox 320 810 629 850; baseline -0.003 -8"><span class='ocrx_word' id='word_1_74' title='bbox 320 810 460 842; x_wconf 85' lang='lat' dir='ltr'>Christus</span> <span class='ocrx_word' id='word_1_75' title='bbox 483 811 629 850; x_wconf 81' lang='lat' dir='ltr'>purgavit</span> 
     </span>
     <span class='ocr_line' id='line_1_15' title="bbox 362 856 611 895; baseline 0 -8"><span class='ocrx_word' id='word_1_76' title='bbox 362 859 492 895; x_wconf 84' lang='lat' dir='ltr'>peccata</span> <span class='ocrx_word' id='word_1_77' title='bbox 513 856 611 895; x_wconf 86' lang='lat' dir='ltr'>ipsius</span> 
     </span>
     <span class='ocr_line' id='line_1_16' title="bbox 315 902 1336 952; baseline 0.008 -16"><span class='ocrx_word' id='word_1_78' title='bbox 315 902 359 934; x_wconf 83' lang='lat' dir='ltr'>Et</span> <span class='ocrx_word' id='word_1_79' title='bbox 382 903 531 934; x_wconf 83' lang='lat' dir='ltr'>exaltavit</span> <span class='ocrx_word' id='word_1_80' title='bbox 1097 915 1142 942; x_wconf 85' lang='lat' dir='ltr'>Ad</span> <span class='ocrx_word' id='word_1_81' title='bbox 1160 916 1336 952; x_wconf 75' lang='lat' dir='ltr'>Magnificat.</span> 
     </span>
     <span class='ocr_line' id='line_1_17' title="bbox 362 948 797 982; baseline 0.009 -4"><span class='ocrx_word' id='word_1_82' title='bbox 362 948 395 979; x_wconf 88' lang='lat' dir='ltr'>in</span> <span class='ocrx_word' id='word_1_83' title='bbox 419 951 577 979; x_wconf 85' lang='lat' dir='ltr'>aeternum</span> <span class='ocrx_word' id='word_1_84' title='bbox 603 957 698 980; x_wconf 85' lang='lat' dir='ltr'>cornu</span> <span class='ocrx_word' id='word_1_85' title='bbox 723 951 797 982; x_wconf 85' lang='lat' dir='ltr'>eius.</span> 
     </span>
    </p>
   </div>
   <div class='ocr_carea' id='block_1_4' title="bbox 1052 834 1391 875">
    <p class='ocr_par' dir='ltr' id='par_1_4' title="bbox 1052 834 1391 875">
     <span class='ocr_line' id='line_1_18' title="bbox 1052 834 1391 875; baseline 0.012 -10"><span class='ocrx_word' id='word_1_86' title='bbox 1052 834 1097 865; x_wconf 88' lang='lat' dir='ltr'>In</span> <span class='ocrx_word' id='word_1_87' title='bbox 1124 836 1155 866; x_wconf 85' lang='lat'>2.</span> <span class='ocrx_word' id='word_1_88' title='bbox 1182 836 1391 875; x_wconf 86' lang='lat' dir='ltr'>Vesperis.</span> 
     </span>
    </p>
   </div>
   <div class='ocr_carea' id='block_1_5' title="bbox 913 971 1471 1017">
    <p class='ocr_par' dir='ltr' id='par_1_5' title="bbox 913 971 1471 1017">
     <span class='ocr_line' id='line_1_19' title="bbox 913 971 1471 1017; baseline 0.014 -17"><span class='ocrx_word' id='word_1_89' title='bbox 913 971 952 1000; x_wconf 91' lang='lat' dir='ltr'>A.</span> <span class='ocrx_word' id='word_1_90' title='bbox 982 971 1006 1002; x_wconf 95' lang='lat' dir='ltr'>O</span> <span class='ocrx_word' id='word_1_91' title='bbox 1032 971 1155 1002; x_wconf 85' lang='lat' dir='ltr'>divinae</span> <span class='ocrx_word' id='word_1_92' title='bbox 1180 972 1274 1004; x_wconf 86' lang='lat' dir='ltr'>decus</span> <span class='ocrx_word' id='word_1_93' title='bbox 1298 975 1471 1017; x_wconf 79' lang='lat' dir='ltr'>machinae,</span> 
     </span>
    </p>
   </div>
   <div class='ocr_carea' id='block_1_6' title="bbox 256 1002 1517 1427">
    <p class='ocr_par' dir='ltr' id='par_1_6' title="bbox 256 1002 1517 1427">
     <span class='ocr_line' id='line_1_20' title="bbox 258 1002 1413 1062; baseline 0.008 -27"><span class='ocrx_word' id='word_1_94' title='bbox 258 1004 289 1035; x_wconf 84' lang='lat'>3.</span> <span class='ocrx_word' id='word_1_95' title='bbox 314 1003 351 1034; x_wconf 79' lang='grc' dir='ltr'>ῘΠ</span> <span class='ocrx_word' id='word_1_96' title='bbox 375 1002 439 1034; x_wconf 73' lang='lat' dir='ltr'>fide</span> <span class='ocrx_word' id='word_1_97' title='bbox 461 1005 492 1033; x_wconf 69' lang='lat' dir='ltr'>ef.</span> <span class='ocrx_word' id='word_1_98' title='bbox 515 1004 644 1035; x_wconf 67' lang='lat' dir='ltr'>lenitate</span> <span class='ocrx_word' id='word_1_99' title='bbox 668 1005 766 1044; x_wconf 71' lang='lat' dir='ltr'>iPSiUS</span> <span class='ocrx_word' id='word_1_100' title='bbox 979 1016 1078 1048; x_wconf 68' lang='lat' dir='ltr'>Beate</span> <span class='ocrx_word' id='word_1_101' title='bbox 1100 1020 1192 1056; x_wconf 70' lang='lat' dir='ltr'>pater</span> <span class='ocrx_word' id='word_1_102' title='bbox 1217 1019 1413 1062; x_wconf 59' lang='lat' dir='ltr'>Gebeharde,</span> 
     </span>
     <span class='ocr_line' id='line_1_21' title="bbox 316 1049 1384 1105; baseline 0.009 -25"><span class='ocrx_word' id='word_1_103' title='bbox 316 1049 462 1080; x_wconf 86' lang='lat' dir='ltr'>Sanctum</span> <span class='ocrx_word' id='word_1_104' title='bbox 487 1051 518 1080; x_wconf 91' lang='lat' dir='ltr'>et</span> <span class='ocrx_word' id='word_1_105' title='bbox 543 1051 697 1081; x_wconf 85' lang='lat' dir='ltr'>excelsum</span> <span class='ocrx_word' id='word_1_106' title='bbox 981 1062 1039 1100; x_wconf 71' lang='lat' dir='ltr'>Qui</span> <span class='ocrx_word' id='word_1_107' title='bbox 1063 1068 1189 1096; x_wconf 67' lang='lat' dir='ltr'>terrena</span> <span class='ocrx_word' id='word_1_108' title='bbox 1213 1066 1384 1105; x_wconf 63' lang='lat' dir='ltr'>despexisti</span> 
     </span>
     <span class='ocr_line' id='line_1_22' title="bbox 362 1093 1382 1153; baseline 0.011 -20"><span class='ocrx_word' id='word_1_109' title='bbox 362 1093 437 1125; x_wconf 63' lang='lat' dir='ltr'>feGit</span> <span class='ocrx_word' id='word_1_110' title='bbox 461 1103 529 1126; x_wconf 72' lang='lat' dir='ltr'>eum</span> <span class='ocrx_word' id='word_1_111' title='bbox 553 1095 648 1136; x_wconf 63' lang='lat' dir='ltr'>Deus,</span> <span class='ocrx_word' id='word_1_112' title='bbox 974 1108 1018 1139; x_wconf 85' lang='lat' dir='ltr'>Et</span> <span class='ocrx_word' id='word_1_113' title='bbox 1042 1110 1189 1142; x_wconf 86' lang='lat' dir='ltr'>caelestia</span> <span class='ocrx_word' id='word_1_114' title='bbox 1212 1113 1382 1153; x_wconf 85' lang='lat' dir='ltr'>acquisisti,</span> 
     </span>
     <span class='ocr_line' id='line_1_23' title="bbox 313 1140 1517 1205; baseline 0.014 -29"><span class='ocrx_word' id='word_1_115' title='bbox 313 1140 356 1171; x_wconf 66' lang='lat' dir='ltr'>Et</span> <span class='ocrx_word' id='word_1_116' title='bbox 376 1141 479 1172; x_wconf 67' lang='lat' dir='ltr'>induit</span> <span class='ocrx_word' id='word_1_117' title='bbox 502 1149 571 1171; x_wconf 75' lang='lat' dir='ltr'>eum</span> <span class='ocrx_word' id='word_1_118' title='bbox 594 1142 744 1174; x_wconf 68' lang='lat' dir='ltr'>DOmiDUS</span> <span class='ocrx_word' id='word_1_119' title='bbox 974 1154 1034 1185; x_wconf 88' lang='lat' dir='ltr'>Tui</span> <span class='ocrx_word' id='word_1_120' title='bbox 1050 1164 1106 1187; x_wconf 91' lang='lat' dir='ltr'>nos</span> <span class='ocrx_word' id='word_1_121' title='bbox 1126 1159 1307 1190; x_wconf 85' lang='lat' dir='ltr'>memoriam</span> <span class='ocrx_word' id='word_1_122' title='bbox 1324 1164 1517 1205; x_wconf 81' lang='lat' dir='ltr'>venerantes,</span> 
     </span>
     <span class='ocr_line' id='line_1_24' title="bbox 360 1188 1426 1243; baseline 0.012 -18"><span class='ocrx_word' id='word_1_123' title='bbox 360 1194 472 1217; x_wconf 84' lang='lat' dir='ltr'>corona</span> <span class='ocrx_word' id='word_1_124' title='bbox 495 1188 621 1226; x_wconf 79' lang='lat' dir='ltr'>gloriae.</span> <span class='ocrx_word' id='word_1_125' title='bbox 978 1201 1049 1232; x_wconf 86' lang='lat' dir='ltr'>Tibi</span> <span class='ocrx_word' id='word_1_126' title='bbox 1076 1202 1188 1234; x_wconf 84' lang='lat' dir='ltr'>devote</span> <span class='ocrx_word' id='word_1_127' title='bbox 1211 1205 1426 1243; x_wconf 84' lang='lat' dir='ltr'>supplicantes</span> 
     </span>
     <span class='ocr_line' id='line_1_25' title="bbox 256 1241 1201 1289; baseline 0.008 -17"><span class='ocrx_word' id='word_1_128' title='bbox 256 1243 289 1273; x_wconf 83' lang='lat'>4.</span> <span class='ocrx_word' id='word_1_129' title='bbox 313 1241 494 1273; x_wconf 88' lang='lat' dir='ltr'>Benedictio</span> <span class='ocrx_word' id='word_1_130' title='bbox 517 1242 644 1274; x_wconf 89' lang='lat' dir='ltr'>Domini</span> <span class='ocrx_word' id='word_1_131' title='bbox 975 1246 1050 1278; x_wconf 91' lang='lat' dir='ltr'>Tuis</span> <span class='ocrx_word' id='word_1_132' title='bbox 1073 1249 1201 1289; x_wconf 86' lang='lat' dir='ltr'>meritis,</span> 
     </span>
     <span class='ocr_line' id='line_1_26' title="bbox 359 1289 1341 1337; baseline 0.011 -20"><span class='ocrx_word' id='word_1_133' title='bbox 359 1296 452 1327; x_wconf 86' lang='lat' dir='ltr'>super</span> <span class='ocrx_word' id='word_1_134' title='bbox 476 1291 570 1326; x_wconf 89' lang='lat' dir='ltr'>caput</span> <span class='ocrx_word' id='word_1_135' title='bbox 591 1289 665 1319; x_wconf 89' lang='lat' dir='ltr'>iusti</span> <span class='ocrx_word' id='word_1_136' title='bbox 689 1289 789 1329; x_wconf 89' lang='lat' dir='ltr'>huius,</span> <span class='ocrx_word' id='word_1_137' title='bbox 1024 1302 1218 1335; x_wconf 88' lang='lat' dir='ltr'>quaesumus,</span> <span class='ocrx_word' id='word_1_138' title='bbox 1244 1300 1341 1337; x_wconf 86' lang='lat' dir='ltr'>tuere,</span> 
     </span>
     <span class='ocr_line' id='line_1_27' title="bbox 311 1333 1346 1377; baseline 0.012 -14"><span class='ocrx_word' id='word_1_139' title='bbox 311 1333 387 1364; x_wconf 90' lang='lat' dir='ltr'>Ideo</span> <span class='ocrx_word' id='word_1_140' title='bbox 414 1334 502 1365; x_wconf 84' lang='lat' dir='ltr'>dedit</span> <span class='ocrx_word' id='word_1_141' title='bbox 524 1334 572 1364; x_wconf 90' lang='lat' dir='ltr'>illi</span> <span class='ocrx_word' id='word_1_142' title='bbox 595 1337 717 1373; x_wconf 84' lang='lat' dir='ltr'>partem</span> <span class='ocrx_word' id='word_1_143' title='bbox 975 1339 1040 1377; x_wconf 79' lang='lat' dir='ltr'>Quo</span> <span class='ocrx_word' id='word_1_144' title='bbox 1065 1342 1165 1371; x_wconf 89' lang='lat' dir='ltr'>tecum</span> <span class='ocrx_word' id='word_1_145' title='bbox 1189 1343 1346 1374; x_wconf 84' lang='lat' dir='ltr'>valeamus</span> 
     </span>
     <span class='ocr_line' id='line_1_28' title="bbox 355 1379 1339 1427; baseline 0.012 -18"><span class='ocrx_word' id='word_1_146' title='bbox 355 1379 388 1409; x_wconf 94' lang='lat' dir='ltr'>in</span> <span class='ocrx_word' id='word_1_147' title='bbox 411 1379 553 1410; x_wconf 87' lang='lat' dir='ltr'>tribubus</span> <span class='ocrx_word' id='word_1_148' title='bbox 580 1381 755 1420; x_wconf 86' lang='lat' dir='ltr'>duodecim,</span> <span class='ocrx_word' id='word_1_149' title='bbox 1018 1386 1087 1417; x_wconf 88' lang='lat' dir='ltr'>sine</span> <span class='ocrx_word' id='word_1_150' title='bbox 1109 1386 1172 1418; x_wconf 93' lang='lat' dir='ltr'>fine</span> <span class='ocrx_word' id='word_1_151' title='bbox 1193 1390 1339 1427; x_wconf 80' lang='lat' dir='ltr'>gaudere,</span> 
     </span>
    </p>
   </div>
   <div class='ocr_carea' id='block_1_7' title="bbox 315 1450 1515 1493">
    <p class='ocr_par' dir='ltr' id='par_1_7' title="bbox 315 1450 1515 1493">
     <span class='ocr_line' id='line_1_29' title="bbox 315 1450 1515 1493; baseline 0.014 -17"><span class='ocrx_word' id='word_1_152' title='bbox 315 1450 382 1477; x_wconf 85' lang='lat' dir='ltr'>Ood.</span> <span class='ocrx_word' id='word_1_153' title='bbox 406 1451 625 1487; x_wconf 85' lang='lat' dir='ltr'>Heidelbergen.</span> <span class='ocrx_word' id='word_1_154' title='bbox 658 1452 705 1487; x_wconf 93' lang='lat' dir='ltr'>(ol.</span> <span class='ocrx_word' id='word_1_155' title='bbox 733 1454 934 1491; x_wconf 86' lang='lat' dir='ltr'>Petridornen.)</span> <span class='ocrx_word' id='word_1_156' title='bbox 962 1458 1004 1484; x_wconf 88' lang='lat' dir='ltr'>IX</span> <span class='ocrx_word' id='word_1_157' title='bbox 1029 1457 1066 1485; x_wconf 85' lang='lat'>42</span> <span class='ocrx_word' id='word_1_158' title='bbox 1092 1468 1117 1486; x_wconf 89' lang='lat' dir='ltr'>a.</span> <span class='ocrx_word' id='word_1_159' title='bbox 1152 1469 1227 1488; x_wconf 85' lang='lat' dir='ltr'>saec.</span> <span class='ocrx_word' id='word_1_160' title='bbox 1254 1460 1296 1489; x_wconf 85' lang='lat'>12.</span> <span class='ocrx_word' id='word_1_161' title='bbox 1321 1463 1355 1490; x_wconf 86' lang='lat' dir='ltr'>A.</span> <span class='ocrx_word' id='word_1_162' title='bbox 1381 1480 1419 1484; x_wconf 93' lang='lat'>—</span> <span class='ocrx_word' id='word_1_163' title='bbox 1446 1466 1515 1493; x_wconf 87' lang='lat' dir='ltr'>Cod.</span> 
     </span>
    </p>
   </div>
   <div class='ocr_carea' id='block_1_8' title="bbox 242 1487 1510 1552">
    <p class='ocr_par' dir='ltr' id='par_1_8' title="bbox 242 1487 1510 1552">
     <span class='ocr_line' id='line_1_30' title="bbox 243 1487 1510 1537; baseline 0.014 -25"><span class='ocrx_word' id='word_1_164' title='bbox 243 1487 462 1523; x_wconf 81' lang='lat' dir='ltr'>Heidelbergen.</span> <span class='ocrx_word' id='word_1_165' title='bbox 481 1487 528 1519; x_wconf 84' lang='lat' dir='ltr'>(ol.</span> <span class='ocrx_word' id='word_1_166' title='bbox 549 1489 726 1525; x_wconf 85' lang='lat' dir='ltr'>Salemitan.)</span> <span class='ocrx_word' id='word_1_167' title='bbox 745 1491 798 1518; x_wconf 74' lang='lat' dir='ltr'>IX.</span> <span class='ocrx_word' id='word_1_168' title='bbox 819 1490 836 1519; x_wconf 88' lang='grc'><strong>9</strong></span> <span class='ocrx_word' id='word_1_169' title='bbox 856 1501 930 1520; x_wconf 88' lang='lat' dir='ltr'>saec.</span> <span class='ocrx_word' id='word_1_170' title='bbox 952 1493 994 1521; x_wconf 87' lang='lat'>15.</span> <span class='ocrx_word' id='word_1_171' title='bbox 1015 1496 1046 1523; x_wconf 93' lang='lat' dir='ltr'>B.</span> <span class='ocrx_word' id='word_1_172' title='bbox 1067 1510 1104 1514; x_wconf 93' lang='lat'>—</span> <span class='ocrx_word' id='word_1_173' title='bbox 1122 1498 1164 1524; x_wconf 81' lang='lat' dir='ltr'>In</span> <span class='ocrx_word' id='word_1_174' title='bbox 1184 1496 1209 1525; x_wconf 90' lang='lat'>1.</span> <span class='ocrx_word' id='word_1_175' title='bbox 1230 1499 1330 1535; x_wconf 86' lang='lat' dir='ltr'>Vesp.</span> <span class='ocrx_word' id='word_1_176' title='bbox 1351 1500 1443 1537; x_wconf 84' lang='lat' dir='ltr'>Super</span> <span class='ocrx_word' id='word_1_177' title='bbox 1463 1503 1510 1530; x_wconf 78' lang='lat' dir='ltr'>Ps.</span> 
     </span>
     <span class='ocr_line' id='line_1_31' title="bbox 242 1522 526 1552; baseline 0.011 -3"><span class='ocrx_word' id='word_1_178' title='bbox 242 1522 264 1549; x_wconf 89' lang='grc' dir='ltr'>Α</span> <span class='ocrx_word' id='word_1_179' title='bbox 284 1524 357 1551; x_wconf 82' lang='lat' dir='ltr'>fehlt</span> <span class='ocrx_word' id='word_1_180' title='bbox 374 1525 412 1551; x_wconf 87' lang='lat' dir='ltr'>A:</span> <span class='ocrx_word' id='word_1_181' title='bbox 432 1525 526 1552; x_wconf 78' lang='lat' dir='ltr'>dafiir:</span> 
     </span>
    </p>
   </div>
   <div class='ocr_carea' id='block_1_9' title="bbox 531 1572 1219 1724">
    <p class='ocr_par' dir='ltr' id='par_1_9' title="bbox 534 1572 1056 1612">
     <span class='ocr_line' id='line_1_32' title="bbox 534 1572 1056 1612; baseline 0.015 -14"><span class='ocrx_word' id='word_1_182' title='bbox 534 1572 760 1601; x_wconf 81' lang='lat' dir='ltr'>Clementissime</span> <span class='ocrx_word' id='word_1_183' title='bbox 778 1577 860 1610; x_wconf 83' lang='lat' dir='ltr'>pater</span> <span class='ocrx_word' id='word_1_184' title='bbox 881 1576 1056 1612; x_wconf 70' lang='lat' dir='ltr'>Gebaharde,</span> 
     </span>
    </p>

    <p class='ocr_par' dir='ltr' id='par_1_10' title="bbox 531 1609 1219 1724">
     <span class='ocr_line' id='line_1_33' title="bbox 531 1609 1202 1651; baseline 0.013 -16"><span class='ocrx_word' id='word_1_185' title='bbox 531 1609 588 1636; x_wconf 88' lang='lat' dir='ltr'>Pro</span> <span class='ocrx_word' id='word_1_186' title='bbox 608 1611 665 1636; x_wconf 77' lang='lat' dir='ltr'>tuis</span> <span class='ocrx_word' id='word_1_187' title='bbox 686 1611 864 1646; x_wconf 87' lang='lat' dir='ltr'>supplicibus</span> <span class='ocrx_word' id='word_1_188' title='bbox 882 1615 1057 1642; x_wconf 83' lang='lat' dir='ltr'>intercedere</span> <span class='ocrx_word' id='word_1_189' title='bbox 1076 1616 1202 1651; x_wconf 76' lang='lat' dir='ltr'>dignare,</span> 
     </span>
     <span class='ocr_line' id='line_1_34' title="bbox 534 1645 1219 1689; baseline 0.013 -17"><span class='ocrx_word' id='word_1_190' title='bbox 534 1645 596 1678; x_wconf 80' lang='lat' dir='ltr'>Quo</span> <span class='ocrx_word' id='word_1_191' title='bbox 617 1647 785 1674; x_wconf 79' lang='lat' dir='ltr'>delictorum</span> <span class='ocrx_word' id='word_1_192' title='bbox 805 1651 932 1676; x_wconf 90' lang='lat' dir='ltr'>omnium</span> <span class='ocrx_word' id='word_1_193' title='bbox 947 1653 1063 1678; x_wconf 87' lang='lat' dir='ltr'>veniam</span> <span class='ocrx_word' id='word_1_194' title='bbox 1083 1656 1219 1689; x_wconf 88' lang='lat' dir='ltr'>consequi</span> 
     </span>
     <span class='ocr_line' id='line_1_35' title="bbox 532 1682 1174 1724; baseline 0.014 -16"><span class='ocrx_word' id='word_1_195' title='bbox 532 1682 573 1708; x_wconf 87' lang='lat' dir='ltr'>Et</span> <span class='ocrx_word' id='word_1_196' title='bbox 589 1689 681 1710; x_wconf 74' lang='lat' dir='ltr'>vitam</span> <span class='ocrx_word' id='word_1_197' title='bbox 703 1687 848 1712; x_wconf 73' lang='lat' dir='ltr'>aeternam</span> <span class='ocrx_word' id='word_1_198' title='bbox 867 1695 1025 1714; x_wconf 83' lang='lat' dir='ltr'>mereamur</span> <span class='ocrx_word' id='word_1_199' title='bbox 1043 1689 1174 1724; x_wconf 84' lang='lat' dir='ltr'>adipisci.</span> 
     </span>
    </p>
   </div>
   <div class='ocr_carea' id='block_1_10' title="bbox 311 1734 1141 1772">
    <p class='ocr_par' dir='ltr' id='par_1_11' title="bbox 311 1734 1141 1772">
     <span class='ocr_line' id='line_1_36' title="bbox 311 1734 1141 1772; baseline 0.013 -13"><span class='ocrx_word' id='word_1_200' title='bbox 311 1734 364 1761; x_wconf 85' lang='lat' dir='ltr'>Ad</span> <span class='ocrx_word' id='word_1_201' title='bbox 382 1735 413 1761; x_wconf 86' lang='lat' dir='ltr'>M</span> <span class='ocrx_word' id='word_1_202' title='bbox 421 1737 541 1762; x_wconf 85' lang='lat' dir='ltr'>atutin</span> <span class='ocrx_word' id='word_1_203' title='bbox 549 1745 606 1763; x_wconf 89' lang='lat' dir='ltr'>um.</span> <span class='ocrx_word' id='word_1_204' title='bbox 644 1738 705 1766; x_wconf 89' lang='lat' dir='ltr'>Das</span> <span class='ocrx_word' id='word_1_205' title='bbox 724 1739 925 1768; x_wconf 86' lang='lat' dir='ltr'>Invitatorium</span> <span class='ocrx_word' id='word_1_206' title='bbox 944 1742 1036 1770; x_wconf 88' lang='lat' dir='ltr'>lautet</span> <span class='ocrx_word' id='word_1_207' title='bbox 1053 1745 1085 1771; x_wconf 88' lang='lat' dir='ltr'>in</span> <span class='ocrx_word' id='word_1_208' title='bbox 1103 1746 1141 1772; x_wconf 87' lang='lat' dir='ltr'>B:</span> 
     </span>
    </p>
   </div>
   <div class='ocr_carea' id='block_1_11' title="bbox 530 1783 1230 1890">
    <p class='ocr_par' dir='ltr' id='par_1_12' title="bbox 530 1783 1230 1890">
     <span class='ocr_line' id='line_1_37' title="bbox 530 1783 1230 1827; baseline 0.017 -18"><span class='ocrx_word' id='word_1_209' title='bbox 530 1783 566 1809; x_wconf 88' lang='lat' dir='ltr'>In</span> <span class='ocrx_word' id='word_1_210' title='bbox 587 1784 764 1812; x_wconf 84' lang='lat' dir='ltr'>confessione</span> <span class='ocrx_word' id='word_1_211' title='bbox 783 1787 878 1814; x_wconf 87' lang='lat' dir='ltr'>laudis</span> <span class='ocrx_word' id='word_1_212' title='bbox 897 1788 1047 1817; x_wconf 84' lang='lat' dir='ltr'>adoremus</span> <span class='ocrx_word' id='word_1_213' title='bbox 1066 1791 1230 1827; x_wconf 82' lang='lat' dir='ltr'>Dominum,</span> 
     </span>
     <span class='ocr_line' id='line_1_38' title="bbox 534 1820 1123 1858; baseline 0.017 -12"><span class='ocrx_word' id='word_1_214' title='bbox 534 1820 590 1853; x_wconf 74' lang='lat' dir='ltr'>Qui</span> <span class='ocrx_word' id='word_1_215' title='bbox 609 1822 684 1848; x_wconf 81' lang='lat' dir='ltr'>stola</span> <span class='ocrx_word' id='word_1_216' title='bbox 702 1823 812 1858; x_wconf 84' lang='lat' dir='ltr'>gloriae</span> <span class='ocrx_word' id='word_1_217' title='bbox 831 1825 1020 1853; x_wconf 79' lang='lat' dir='ltr'>confessorem</span> <span class='ocrx_word' id='word_1_218' title='bbox 1040 1835 1123 1856; x_wconf 87' lang='lat' dir='ltr'>suum</span> 
     </span>
     <span class='ocr_line' id='line_1_39' title="bbox 634 1858 1004 1890; baseline 0.014 -5"><span class='ocrx_word' id='word_1_219' title='bbox 634 1858 780 1887; x_wconf 85' lang='lat' dir='ltr'>decoravit</span> <span class='ocrx_word' id='word_1_220' title='bbox 797 1861 1004 1890; x_wconf 84' lang='lat' dir='ltr'>Gebehardum.</span> 
     </span>
    </p>
   </div>
   <div class='ocr_carea' id='block_1_12' title="bbox 310 1908 1505 1958">
    <p class='ocr_par' dir='ltr' id='par_1_13' title="bbox 310 1908 1505 1958">
     <span class='ocr_line' id='line_1_40' title="bbox 310 1908 1505 1958; baseline 0.018 -22"><span class='ocrx_word' id='word_1_221' title='bbox 310 1909 350 1936; x_wconf 88' lang='lat' dir='ltr'>In</span> <span class='ocrx_word' id='word_1_222' title='bbox 369 1908 393 1937; x_wconf 82' lang='lat'>2.</span> <span class='ocrx_word' id='word_1_223' title='bbox 407 1911 435 1937; x_wconf 80' lang='lat' dir='ltr'>N</span> <span class='ocrx_word' id='word_1_224' title='bbox 441 1919 456 1938; x_wconf 92' lang='lat' dir='ltr'>o</span> <span class='ocrx_word' id='word_1_225' title='bbox 467 1914 508 1938; x_wconf 90' lang='lat' dir='ltr'>ct.</span> <span class='ocrx_word' id='word_1_226' title='bbox 529 1911 551 1938; x_wconf 93' lang='grc' dir='ltr'>Α</span> <span class='ocrx_word' id='word_1_227' title='bbox 571 1911 597 1947; x_wconf 87' lang='lat'>3,</span> <span class='ocrx_word' id='word_1_228' title='bbox 620 1912 633 1940; x_wconf 90' lang='lat'>1</span> <span class='ocrx_word' id='word_1_229' title='bbox 653 1915 789 1943; x_wconf 83' lang='lat' dir='ltr'>Mirabile</span> <span class='ocrx_word' id='word_1_230' title='bbox 808 1919 1007 1946; x_wconf 72' lang='lat' dir='ltr'>cammerinum</span> <span class='ocrx_word' id='word_1_231' title='bbox 1026 1921 1058 1948; x_wconf 90' lang='lat' dir='ltr'>B.</span> <span class='ocrx_word' id='word_1_232' title='bbox 1076 1935 1113 1940; x_wconf 94' lang='lat'>—-</span> <span class='ocrx_word' id='word_1_233' title='bbox 1134 1920 1154 1948; x_wconf 78' lang='lat' dir='ltr'><strong>R</strong></span> <span class='ocrx_word' id='word_1_234' title='bbox 1175 1921 1193 1949; x_wconf 84' lang='lat'><strong>2</strong></span> <span class='ocrx_word' id='word_1_235' title='bbox 1207 1925 1265 1952; x_wconf 90' lang='lat' dir='ltr'>und</span> <span class='ocrx_word' id='word_1_236' title='bbox 1279 1924 1298 1953; x_wconf 88' lang='lat'>4</span> <span class='ocrx_word' id='word_1_237' title='bbox 1310 1927 1409 1955; x_wconf 85' lang='lat' dir='ltr'>lauten</span> <span class='ocrx_word' id='word_1_238' title='bbox 1421 1930 1454 1956; x_wconf 88' lang='lat' dir='ltr'>in</span> <span class='ocrx_word' id='word_1_239' title='bbox 1466 1931 1505 1958; x_wconf 87' lang='lat'>13:</span> 
     </span>
    </p>
   </div>
   <div class='ocr_carea' id='block_1_13' title="bbox 472 1955 1132 2383">
    <p class='ocr_par' dir='ltr' id='par_1_14' title="bbox 478 1955 1067 2071">
     <span class='ocr_line' id='line_1_41' title="bbox 478 1955 1011 2000; baseline 0.017 -16"><span class='ocrx_word' id='word_1_240' title='bbox 478 1955 503 1984; x_wconf 88' lang='lat'>3.</span> <span class='ocrx_word' id='word_1_241' title='bbox 524 1959 611 1986; x_wconf 86' lang='lat' dir='ltr'>Oliva</span> <span class='ocrx_word' id='word_1_242' title='bbox 628 1961 775 1989; x_wconf 74' lang='lat' dir='ltr'>fructifera</span> <span class='ocrx_word' id='word_1_243' title='bbox 794 1963 826 1990; x_wconf 87' lang='lat' dir='ltr'>in</span> <span class='ocrx_word' id='word_1_244' title='bbox 845 1964 927 1992; x_wconf 88' lang='lat' dir='ltr'>domo</span> <span class='ocrx_word' id='word_1_245' title='bbox 947 1966 1011 2000; x_wconf 86' lang='lat' dir='ltr'>Dei,</span> 
     </span>
     <span class='ocr_line' id='line_1_42' title="bbox 526 1996 1067 2037; baseline 0.017 -15"><span class='ocrx_word' id='word_1_246' title='bbox 526 1996 627 2023; x_wconf 90' lang='lat' dir='ltr'>Oleum</span> <span class='ocrx_word' id='word_1_247' title='bbox 646 1998 774 2027; x_wconf 83' lang='lat' dir='ltr'>laetitiae</span> <span class='ocrx_word' id='word_1_248' title='bbox 795 2000 893 2028; x_wconf 84' lang='lat' dir='ltr'>fovens</span> <span class='ocrx_word' id='word_1_249' title='bbox 913 2002 1067 2037; x_wconf 85' lang='lat' dir='ltr'>beneficiis,</span> 
     </span>
     <span class='ocr_line' id='line_1_43' title="bbox 525 2032 859 2071; baseline 0.018 -12"><span class='ocrx_word' id='word_1_250' title='bbox 525 2032 683 2062; x_wconf 87' lang='lat' dir='ltr'>Coruscans</span> <span class='ocrx_word' id='word_1_251' title='bbox 704 2037 859 2071; x_wconf 82' lang='lat' dir='ltr'>miraculis,</span> 
     </span>
    </p>

    <p class='ocr_par' dir='ltr' id='par_1_15' title="bbox 524 2069 1024 2150">
     <span class='ocr_line' id='line_1_44' title="bbox 524 2069 950 2111; baseline 0.021 -15"><span class='ocrx_word' id='word_1_252' title='bbox 524 2069 583 2097; x_wconf 84' lang='lat' dir='ltr'>Fac</span> <span class='ocrx_word' id='word_1_253' title='bbox 601 2080 654 2098; x_wconf 87' lang='lat' dir='ltr'>nos</span> <span class='ocrx_word' id='word_1_254' title='bbox 674 2074 742 2106; x_wconf 87' lang='lat' dir='ltr'>eius,</span> <span class='ocrx_word' id='word_1_255' title='bbox 763 2083 820 2110; x_wconf 85' lang='lat' dir='ltr'>qua</span> <span class='ocrx_word' id='word_1_256' title='bbox 838 2075 950 2111; x_wconf 80' lang='lat' dir='ltr'>frueris,</span> 
     </span>
     <span class='ocr_line' id='line_1_45' title="bbox 525 2106 1024 2150; baseline 0.016 -18"><span class='ocrx_word' id='word_1_257' title='bbox 525 2106 613 2134; x_wconf 86' lang='lat' dir='ltr'>Lucis</span> <span class='ocrx_word' id='word_1_258' title='bbox 633 2111 842 2146; x_wconf 83' lang='lat' dir='ltr'>suavitatisque</span> <span class='ocrx_word' id='word_1_259' title='bbox 860 2116 1024 2150; x_wconf 83' lang='lat' dir='ltr'>participes.</span> 
     </span>
    </p>

    <p class='ocr_par' dir='ltr' id='par_1_16' title="bbox 472 2141 1094 2224">
     <span class='ocr_line' id='line_1_46' title="bbox 472 2141 1008 2183; baseline 0.021 -15"><span class='ocrx_word' id='word_1_260' title='bbox 472 2141 507 2169; x_wconf 88' lang='lat' dir='ltr'>V.</span> <span class='ocrx_word' id='word_1_261' title='bbox 526 2143 657 2172; x_wconf 87' lang='lat' dir='ltr'>Introisti</span> <span class='ocrx_word' id='word_1_262' title='bbox 676 2148 707 2173; x_wconf 89' lang='lat' dir='ltr'>in</span> <span class='ocrx_word' id='word_1_263' title='bbox 725 2150 869 2183; x_wconf 82' lang='lat' dir='ltr'>potentias</span> <span class='ocrx_word' id='word_1_264' title='bbox 889 2152 1008 2179; x_wconf 87' lang='lat' dir='ltr'>Domini</span> 
     </span>
     <span class='ocr_line' id='line_1_47' title="bbox 524 2180 1094 2224; baseline 0.018 -17"><span class='ocrx_word' id='word_1_265' title='bbox 524 2180 564 2207; x_wconf 88' lang='lat' dir='ltr'>Et</span> <span class='ocrx_word' id='word_1_266' title='bbox 581 2183 640 2209; x_wconf 91' lang='lat' dir='ltr'>iam</span> <span class='ocrx_word' id='word_1_267' title='bbox 657 2186 801 2218; x_wconf 80' lang='lat' dir='ltr'>potentior</span> <span class='ocrx_word' id='word_1_268' title='bbox 820 2186 858 2213; x_wconf 87' lang='lat' dir='ltr'>ad</span> <span class='ocrx_word' id='word_1_269' title='bbox 877 2188 1094 2224; x_wconf 84' lang='lat' dir='ltr'>impetrandum.</span> 
     </span>
    </p>

    <p class='ocr_par' dir='ltr' id='par_1_17' title="bbox 473 2224 917 2305">
     <span class='ocr_line' id='line_1_48' title="bbox 473 2224 829 2259; baseline 0.022 -7"><span class='ocrx_word' id='word_1_270' title='bbox 473 2224 500 2252; x_wconf 83' lang='lat'>4.</span> <span class='ocrx_word' id='word_1_271' title='bbox 520 2227 625 2255; x_wconf 87' lang='lat' dir='ltr'>Beatus</span> <span class='ocrx_word' id='word_1_272' title='bbox 646 2229 829 2259; x_wconf 85' lang='lat' dir='ltr'>Gebehardus</span> 
     </span>
     <span class='ocr_line' id='line_1_49' title="bbox 521 2264 917 2305; baseline 0.023 -15"><span class='ocrx_word' id='word_1_273' title='bbox 521 2264 610 2297; x_wconf 78' lang='lat' dir='ltr'>Quasi</span> <span class='ocrx_word' id='word_1_274' title='bbox 629 2274 681 2293; x_wconf 87' lang='lat' dir='ltr'>vas</span> <span class='ocrx_word' id='word_1_275' title='bbox 701 2270 765 2295; x_wconf 85' lang='lat' dir='ltr'>auri</span> <span class='ocrx_word' id='word_1_276' title='bbox 785 2270 917 2305; x_wconf 86' lang='lat' dir='ltr'>solidum,</span> 
     </span>
    </p>

    <p class='ocr_par' dir='ltr' id='par_1_18' title="bbox 521 2301 1132 2383">
     <span class='ocr_line' id='line_1_50' title="bbox 524 2301 1033 2343; baseline 0.022 -16"><span class='ocrx_word' id='word_1_277' title='bbox 524 2301 662 2330; x_wconf 81' lang='lat' dir='ltr'>Ornat-um</span> <span class='ocrx_word' id='word_1_278' title='bbox 684 2307 761 2333; x_wconf 88' lang='lat' dir='ltr'>omni</span> <span class='ocrx_word' id='word_1_279' title='bbox 782 2306 880 2343; x_wconf 86' lang='lat' dir='ltr'>lapide</span> <span class='ocrx_word' id='word_1_280' title='bbox 898 2311 1033 2343; x_wconf 84' lang='lat' dir='ltr'>pretioso,</span> 
     </span>
     <span class='ocr_line' id='line_1_51' title="bbox 521 2338 1132 2383; baseline 0.018 -18"><span class='ocrx_word' id='word_1_281' title='bbox 521 2338 644 2367; x_wconf 87' lang='lat' dir='ltr'>Fluenta</span> <span class='ocrx_word' id='word_1_282' title='bbox 661 2344 772 2377; x_wconf 81' lang='lat' dir='ltr'>gratiae</span> <span class='ocrx_word' id='word_1_283' title='bbox 791 2346 958 2381; x_wconf 87' lang='lat' dir='ltr'>propinavit</span> <span class='ocrx_word' id='word_1_284' title='bbox 975 2348 1007 2374; x_wconf 89' lang='lat' dir='ltr'>in</span> <span class='ocrx_word' id='word_1_285' title='bbox 1026 2348 1132 2383; x_wconf 88' lang='lat' dir='ltr'>populo</span> 
     </span>
    </p>
   </div>
  </div>
 </body>
</html>
