1650 2542
750 145 1002 179 -214—

310 240 453 279 Martyre
475 249 536 272 non
560 242 646 272 laesa

358 286 445 318 dedit
467 294 539 317 orco
563 286 650 317 milia
673 293 771 318 caesa.

254 350 284 382 2.
310 349 433 388 Martyr
456 353 491 381 ut
514 350 623 387 oravit,

351 396 487 435 gladium
504 395 596 434 subit,
615 395 742 426 aethera
756 402 843 424 scan-

307 485 443 524 Sponsus
468 441 751 525 honorquedldatur,

354 539 421 562 cum
447 531 569 563 Christo
594 532 767 563 deliciatur.

250 596 280 626 3.
307 595 442 634 Virginis
468 603 506 627 ex
531 597 608 634 oleo,

350 641 432 680 quod
459 644 566 673 manat
590 650 720 681 corpore
742 650 842 680 sacro,

304 687 396 719 Certa
420 688 542 719 medela
568 688 668 731 datur,

348 733 448 764 morbi
472 742 566 772 genus
592 743 681 767 omne
706 733 841 774 fugatur.

440 834 641 869 Responsoria.

251 890 279 920 1.
306 888 411 928 Surge,
436 890 533 929 virgo,
560 894 592 921 et
611 895 733 923 nostras

347 944 458 974 sponso
482 945 591 975 preces
615 939 711 977 aperi,

302 981 369 1012 Tua
393 991 452 1013 vox
477 984 524 1012 est
548 983 644 1014 dulcis

348 1027 380 1058 in
402 1036 477 1058 aure
499 1028 633 1069 Domini,

302 1073 387 1111 Quae
410 1082 523 1112 pausas

348 1119 403 1150 sub
427 1120 537 1150 umbra
562 1120 669 1151 dilecti

306 1164 355 1195 Ab
380 1168 467 1196 aestu
489 1166 595 1197 mundi

302 1209 450 1241 Transfer
473 1220 529 1242 nos

350 1257 391 1287 ad
414 1266 542 1288 amoena
563 1258 711 1299 paradisi,

239 1301 274 1332 V.
305 1302 446 1345 Pulchre,
472 1303 545 1334 Sion
568 1303 643 1342 filia,

305 1349 363 1380 Pro
387 1350 511 1379 mortali
531 1350 637 1381 tunica

300 1395 383 1433 Agni
406 1397 488 1426 tecta
510 1396 627 1427 vellere

300 1440 341 1471 Et
366 1449 480 1472 corona
503 1442 628 1480 gloriae.

244 1504 274 1534 2.
301 1503 419 1542 Corpus
441 1506 539 1544 virgin
544 1514 611 1536 eum

345 1549 460 1581 Christi
485 1552 661 1584 venerabile
676 1552 836 1593 templum,

298 1594 406 1626 Monte
430 1595 505 1627 Sina
530 1599 669 1637 angelico

344 1642 487 1673 conditur
511 1643 668 1684 obsequio,

231 1686 266 1717 V.
293 1687 393 1718 Purus
416 1688 447 1718 in
473 1689 649 1721 aetheream

344 1735 523 1766 conscendit
546 1736 674 1774 spiritus
699 1737 809 1769 aulam.

242 1798 272 1829 3.
299 1797 323 1829 O
349 1797 464 1829 Christi
487 1800 596 1838 pietas,

340 1853 358 1875 o
382 1845 480 1876 virtus
505 1849 598 1885 atque
621 1850 771 1890 potestas,

297 1889 432 1929 Virginis
456 1900 494 1922 ex
514 1893 661 1925 membris

339 1938 421 1968 sacri
444 1936 513 1969 fluit
535 1940 620 1971 unda
640 1941 778 1980 liquoriS‚

295 1983 387 2014 Unde
410 1982 488 2015 fides
513 1987 614 2025 aegris

338 2027 475 2060 infundit
500 2031 581 2062 dona
604 2033 723 2072 salutis,

227 2073 264 2105 V.
295 2074 429 2112 Virginis
454 2075 492 2105 ob
520 2078 663 2108 meritum

339 2123 444 2150 manet
466 2121 526 2152 hoc
548 2124 748 2155 memorabile
771 2127 832 2166 sig-

609 2178 692 2203 num.

462 2247 600 2275 Prosella.

240 2302 268 2335 1.
296 2303 446 2341 Sospitati
475 2303 563 2334 dedit
588 2314 695 2345 aegros

337 2349 398 2379 olei
421 2348 570 2390 perfusio,

972 237 1167 268 Katharinae
1192 237 1404 277 disputantum

1018 281 1122 314 adfuit
1144 284 1313 321 praesidiO.

939 370 946 378 .
974 347 1100 379 Candor
1123 349 1236 379 mentis
1261 346 1322 379 fusi
1346 347 1438 378 lactis

1016 397 1207 425 monstratur
1228 394 1355 430 indicio,

970 439 1154 479 Baptizatur
1176 450 1257 472 uxor
1280 440 1363 479 regis

1015 495 1076 517 una
1100 495 1169 517 cum
1194 486 1380 525 Porphyrio.

935 573 943 580 .
969 549 1029 589 Sep
1034 551 1126 582 elitur
1149 551 1347 582 ministrante

1016 597 1142 628 caelesti
1168 597 1334 638 consortio,

969 642 993 674 O
1019 651 1109 681 quam
1133 643 1248 682 probat
1273 646 1412 674 sanctam
1436 644 1497 675 Dei

1014 692 1153 720 rotarum
1180 688 1362 722 confractio.

934 779 941 786 .
967 753 1051 793 Ergo
1075 754 1185 785 laudes
1210 754 1407 786 Katharinae

1014 800 1157 831 concinat
1180 801 1258 832 haec
1283 801 1396 841 contio⁷

967 846 1048 877 Nam
1073 847 1125 885 qui
1150 847 1245 878 corde
1268 848 1371 886 poscit
1391 849 1478 880 illam

1011 893 1194 931 propulsato
1218 893 1293 925 vitio

936 982 943 989 .
970 957 1083 996 Sospes
1107 958 1292 997 ingreditur.

1054 1088 1099 1118 In
1124 1086 1351 1121 Laudibus,

1106 1169 1299 1205 Antiphonae.

932 1249 939 1256 .
965 1225 1103 1257 Aeterno
1127 1227 1194 1266 regi

1012 1272 1097 1303 caelo
1120 1275 1267 1313 terraque
1290 1274 1412 1313 potenti

965 1316 1098 1349 Servans
1123 1322 1224 1350 morte
1247 1319 1340 1351 fidem

1012 1364 1099 1404 virgo
1124 1370 1289 1405 corregnat
1314 1367 1425 1399 eidem.

933 1454 938 1459 .
964 1427 1057 1459 Atria
1079 1429 1250 1461 Ierusalem

1012 1478 1179 1513 penetrans
1205 1480 1235 1508 et
1251 1478 1377 1509 luminis
1394 1488 1508 1519 arcem,

965 1520 1052 1551 Haec
1079 1522 1192 1554 iubilat
1215 1533 1339 1566 sponso,

1010 1569 1108 1600 servit
1131 1570 1181 1600 cui
1205 1571 1340 1603 caelicus
1364 1572 1452 1605 ordo.

929 1656 936 1662 .
962 1631 1014 1662 Ad
1038 1633 1147 1664 laudes
1171 1635 1298 1674 vigilem

1008 1676 1186 1719 fontemque
1207 1681 1310 1712 Deum
1335 1683 1492 1715 sitientem

963 1723 1104 1756 Christus
1128 1728 1279 1769 suscepit,

1009 1771 1058 1802 cui
1082 1772 1169 1813 virgo
1192 1772 1296 1805 fidelis
1320 1775 1472 1809 adhaesit.

928 1857 934 1864 .
962 1834 1090 1873 Ignibus
1117 1838 1283 1869 exstinctis

1009 1883 1092 1913 canit
1110 1883 1258 1923 hymnum
1282 1895 1343 1918 vox
1365 1889 1506 1929 puerilis,

962 1927 1014 1958 Sic
1037 1937 1115 1960 nece
1140 1935 1323 1971 cousumpta

1007 1976 1114 2014 sponsi
1126 1977 1302 2010 Katharina
1315 1979 1371 2011 sub
1385 1981 1506 2012 umbra.

927 2063 934 2070 .
961 2038 1046 2071 Ordo
1070 2042 1246 2079 puellarum

1006 2094 1098 2125 quam
1123 2086 1200 2119 felix
1225 2090 1474 2130 candidularum,

960 2131 1036 2162 Cum
1060 2134 1171 2172 quibus
1195 2135 1273 2166 haec
1300 2137 1385 2177 virgo

1007 2182 1113 2212 cantat
1128 2190 1210 2212 nova
1226 2183 1349 2215 cantica
1366 2184 1502 2220 Christo.

1071 2261 1116 2288 Ad
1135 2264 1315 2293 Benedictus.

921 2337 929 2345 ,
959 2312 1103 2347 Prudens
1129 2322 1159 2350 et
1185 2321 1317 2360 vigilans
1342 2324 1439 2368 virgo,

960 2359 1065 2398 Qualis
1090 2371 1122 2394 es
1147 2374 1215 2396 cum
1239 2377 1354 2406 sponso
1378 2371 1443 2414 illo,
