1650 2542
252 589 285 619 V.

265 691 294 720 2.

250 964 288 996 V.

265 1065 294 1095 3.

753 136 1002 171 —196-

319 233 377 271 Qui
400 234 513 264 iustum
537 233 599 263 iam
622 231 771 263 victoriae

321 279 425 310 Beasti
449 280 553 317 palma
576 277 767 317 splendidae.

450 351 651 385 Responsoria.

287 434 294 440 .
320 406 417 439 Offert
438 407 568 438 sacratis

364 462 470 483 aurum
492 452 581 482 miles
606 452 722 490 probus
747 451 809 482 aris

319 499 361 529 Et
386 498 477 528 vitam
502 498 583 536 regis

364 543 504 574 manibus
530 544 582 574 dat
604 543 853 584 cunctipotentis,

316 588 438 620 Corruit
461 591 532 619 ante
555 597 659 619 sacras

365 634 457 666 effuso
482 634 630 674 sanguine
654 635 769 665 valvas.

321 690 387 720 Ima
411 692 519 728 petens
543 690 651 728 postis,

364 743 453 773 quem
468 736 583 774 templo
602 736 736 766 dissecat
746 736 853 772 hostis,

320 780 394 812 Cum
420 789 510 811 cruce
533 784 685 812 sacratam

362 827 473 857 sternit
496 828 561 858 solo
586 830 674 857 tenus
703 836 806 858 arcam

319 872 468 911 Martyris
493 873 608 903 Albani

366 921 535 957 gestantem
559 919 690 957 pignora
714 920 822 958 sancti,

318 964 405 995 Tunc
428 973 483 995 rex
509 967 556 995 est
579 968 702 995 sanctus

364 1010 451 1040 letali
475 1011 603 1041 vulnere
626 1013 735 1042 tactus.

320 1063 480 1095 Gloriosus
504 1065 564 1096 Dei
587 1068 706 1104 martyr

368 1112 399 1140 et
422 1118 477 1141 rex
500 1111 732 1149 invictissimus,

320 1156 385 1186 lam
411 1156 544 1187 cruentis
570 1157 805 1196 circumquaque

365 1202 486 1232 saucius
510 1203 698 1239 vulneribus,

320 1247 458 1278 Tandem
483 1250 517 1278 ut
541 1248 681 1280 Christus
706 1250 815 1281 lancea

365 1292 543 1330 perforatur
566 1295 674 1334 latere,

320 1337 413 1369 Secus
436 1348 520 1370 aram
545 1341 679 1378 pretioso

366 1385 520 1415 laureatus
542 1386 704 1426 sanguine3

282 1453 288 1458 .
320 1429 433 1461 Sancta
463 1431 569 1461 domus
593 1432 761 1463 occisorum

367 1484 474 1506 cruore
497 1475 705 1516 perfunditur,

319 1520 401 1552 Dum
426 1530 494 1552 cum
518 1523 580 1553 suis
604 1524 750 1563 princeps
774 1526 843 1563 pius

365 1576 402 1598 ac
429 1571 548 1607 martyr
571 1570 744 1608 perimitur.

407 1669 423 1700 1
431 1678 451 1699 n
475 1669 503 1700 L
511 1678 530 1700 a
538 1679 558 1700 u
569 1670 607 1701 di
617 1670 636 1701 b
646 1680 667 1701 u
677 1679 702 1701 s.

457 1741 645 1776 Antiphonae.

288 1822 294 1828 .
321 1796 371 1827 Ad
399 1797 617 1828 declarandum
641 1798 781 1829 inclitum

322 1843 479 1874 Praeclari
504 1843 585 1882 regis
610 1845 754 1875 meritum

323 1888 470 1920 Miranda
492 1893 564 1920 sunt
587 1893 659 1928 post
682 1890 799 1922 obitum

319 1934 370 1965 Ad
395 1935 460 1966 eius
483 1938 570 1975 gesta
593 1937 754 1968 tumulum.

925 232 954 261 2.
982 229 1142 261 Haerebat
1162 238 1272 261 manus
1296 227 1386 259 arida

924 425 954 455 3.

923 813 955 843 5.

980 276 1032 306 Ad
1059 278 1167 314 peetus
1195 276 1261 307 viro
1291 274 1430 312 dextera,

981 322 1041 353 Sed
1067 322 1182 361 gaudet
1210 322 1249 353 de
1272 320 1411 352 remedio

982 368 1043 399 Hic
1067 371 1190 407 sumpto
1215 366 1388 399 salutifero.

982 423 1043 454 Hic
1066 426 1183 454 mutum
1209 421 1271 454 fari
1296 422 1373 453 visio

979 469 1060 500 Divo
1090 469 1177 500 iubet
1199 469 1342 508 imperio,

979 515 1024 547 Ut
1047 524 1103 546 rex
1127 519 1252 546 sanctus
1279 517 1458 546 censeretur

980 561 1105 600 Martyr
1128 561 1188 592 Dei
1213 561 1373 594 vocabulo.

979 617 1126 655 Receptis
1150 616 1234 647 caeci
1260 616 1386 655 visibus,

982 663 1091 695 Claudi
1118 663 1228 693 solutis
1253 662 1412 701 gressibus

980 708 1176 739 Benedicunt
1199 707 1366 747 magnifica

980 755 1039 786 Dei
1063 754 1234 794 gaudenter
1259 762 1364 794 opera.

981 810 1064 842 Hinc
1087 818 1196 848 sospes
1220 809 1304 840 redit
1327 810 1505 849 languidus,

981 855 1100 887 Surdus
1125 856 1252 886 exaudit
1275 856 1412 896 auribus,

980 903 1138 940 Leprosus
1165 901 1203 932 ab
1229 902 1386 933 ulceribus

982 948 1149 979 Mundatus
1176 951 1266 979 vacat
1289 948 1445 980 laudibus.

1090 1020 1135 1047 Ad
1158 1021 1340 1048 Benedictus.

980 1077 1132 1107 Auctores
1156 1078 1241 1107 necis
1265 1077 1382 1116 impiae

982 1122 1082 1153 Vexat
1107 1121 1195 1153 furor
1220 1122 1366 1163 terrifice,

981 1168 1061 1199 Nam
1086 1169 1211 1207 quidam
1236 1169 1349 1208 linguis
1370 1170 1523 1201 morsibus

980 1214 1044 1245 Iam
1072 1215 1263 1245 detruncatis
1289 1216 1434 1255 propriis,

983 1259 1115 1297 Quidam
1141 1260 1254 1299 dilapsi
1279 1262 1401 1301 gurgite

980 1306 1107 1337 Periere
1128 1315 1185 1345 pro
1209 1307 1345 1346 scelere3

980 1351 1063 1382 Hinc
1087 1352 1185 1382 Israel
1209 1353 1379 1384 altissimus

981 1397 1027 1428 Sit
1051 1397 1231 1430 benedictus
1255 1398 1417 1432 Dominus.

1043 1491 1087 1521 In
1112 1491 1143 1522 2.
1171 1490 1385 1530 VesperiS.

1096 1562 1141 1589 Ad
1161 1563 1336 1598 Mag-nificat.

983 1619 1110 1651 Ossibus
1135 1620 1265 1658 egregiis

1030 1666 1145 1704 duplex
1168 1666 1390 1704 superadditus
1414 1667 1496 1706 ignis

981 1711 1057 1741 Mox
1083 1714 1151 1742 erat
1175 1712 1355 1752 exstinctus,

1032 1757 1104 1787 dum
1128 1766 1234 1789 sacros
1259 1759 1363 1797 attigit
1386 1762 1483 1799 artus,

981 1802 1141 1834 Laudibus
1166 1804 1239 1834 hinc
1262 1805 1362 1836 omnis

1028 1850 1132 1888 pulset
1154 1850 1245 1888 plebs
1270 1854 1357 1882 astra
1378 1851 1481 1883 fidelis

981 1895 1215 1934 Magnificando
1239 1896 1339 1928 Deum

1028 1943 1174 1981 martyris
1199 1943 1238 1974 ob
1263 1944 1419 1976 meritum.

323 2015 406 2041 Brev.
434 2017 585 2044 Lundense
614 2019 681 2053 imp.
710 2019 830 2046 Parisiis
862 2018 941 2048 1517.
970 2022 1004 2049 A.
1038 2038 1073 2042 -—
1106 2024 1188 2051 Brev.
1219 2024 1427 2053 Roschildense
1458 2028 1526 2062 imp.

251 2052 372 2078 Parisiis
401 2051 480 2079 1517.
506 2054 538 2080 B.
563 2068 599 2072 --
625 2056 707 2082 Brev.
733 2056 937 2085 Aarhusiense·
951 2060 1018 2094 imp.
1039 2061 1201 2087 Aarhusiae
1222 2059 1301 2088 1519.
1324 2062 1353 2088 0.
1381 2077 1415 2081 —
1443 2065 1525 2091 Brev.

250 2088 435 2116 Nidrosiensc
460 2091 528 2125 imp.
549 2091 670 2118 Parisiis
697 2090 777 2120 1519.
796 2093 833 2120 D.
861 2109 894 2114 —-
918 2096 959 2122 In
987 2096 1009 2122 1.
1030 2097 1134 2132 Vesp.
1159 2097 1223 2124 siud
1243 2096 1290 2123 ΑΑ
1309 2097 1329 2126 4
1348 2100 1405 2127 und
1426 2098 1442 2127 5
1462 2110 1526 2136 pro-

250 2125 345 2152 saisch
364 2124 408 2159 (de
428 2128 580 2161 communi)
599 2128 665 2162 AD3
687 2138 741 2155 nur
760 2131 824 2157 eine
843 2130 874 2165 Α,
895 2132 942 2159 die
960 2136 1043 2166 erste,
1064 2134 1115 2160 hat
1133 2134 1165 2161 B.
1185 2148 1223 2152 —
1242 2133 1264 2159 Α
1284 2133 1310 2168 3,
1333 2135 1347 2163 1
1368 2139 1418 2173 pia
1435 2139 1470 2165 A.
1490 2154 1528 2158 —

252 2160 272 2187 R
292 2162 504 2197 Frequentabat
523 2168 684 2192 reverenter
704 2169 755 2193 etc.
771 2167 801 2194 C.
821 2182 858 2186 —
877 2169 920 2195 In
941 2168 964 2196 1.
985 2170 1085 2197 Noae
1108 2169 1127 2196 R
1150 2169 1174 2204 1,
1188 2170 1207 2198 4
1225 2172 1337 2201 facibus
1351 2175 1384 2209 A,
1404 2175 1527 2203 fastibus

251 2199 280 2226 B.
301 2213 336 2217 --
359 2197 378 2225 R
401 2199 425 2234 1,
446 2198 462 2226 9
482 2204 595 2234 pareret
614 2202 645 2228 A.
666 2219 703 2223 —
725 2201 744 2228 R
766 2202 783 2230 2
801 2204 893 2232 lautet
911 2207 942 2233 in
962 2206 991 2239 C,
1014 2205 1034 2232 Β
1054 2205 1071 2234 3
1091 2209 1122 2234 in
1140 2209 1179 2235 B:

415 2238 449 2264 R.
474 2237 536 2270 Quo
559 2238 639 2266 fieret
657 2241 766 2267 meritis
787 2243 833 2269 vir
852 2243 1079 2279 magnificentior
1099 2245 1192 2280 almis,

471 2274 615 2310 [nsipiens
634 2286 729 2313 regem
750 2279 830 2311 plebs
850 2282 1029 2315 persequitur
1049 2283 1206 2316 sapientem

471 2311 510 2338 Et
529 2313 642 2340 feritate
662 2323 715 2341 sua
734 2318 800 2350 post
817 2316 900 2343 illum
919 2317 1019 2352 dirigit
1037 2326 1125 2352 arma,

414 2349 450 2375 V.
473 2349 599 2384 Legibus
619 2351 772 2379 indomitos
792 2355 861 2388 quia
881 2356 1042 2390 comprimit
1056 2358 1142 2391 atque
1158 2359 1305 2393 superbos.
