1650 2542
672 138 902 173 —89—

221 236 319 275 Quam
345 236 488 269 Christus
512 237 574 267 iam
600 235 761 267 decoravit
887 232 948 264 Sed
971 240 1039 263 cum
1056 229 1180 262 Christo
1197 237 1321 268 semper
1336 228 1424 268 vivit,

216 283 261 314 Et
282 283 317 314 in
342 283 428 315 caelo
454 282 623 314 coronavit.
978 276 1116 310 Alleluia

578 366 584 371 ,
889 325 1043 357 Consonat
1068 322 1214 361 ecclesia,

278 366 323 398 In
349 368 380 399 2-
405 366 620 404 VeSPffl'lS-
886 371 985 404 Vallis
1018 368 1203 401 Trebniciae
1226 369 1422 411 iucundetur,

338 421 384 448 Ad
402 419 578 455 Magnificat.
888 418 996 450 Clerus
1017 416 1142 455 psallat,
1167 414 1257 453 plebs
1275 415 1420 455 laetetur,

148 471 186 500 A.
218 467 379 501 Glorietur
402 468 435 499 in
460 468 520 498 hac
545 467 596 498 die
979 462 1117 495 Alleluia

263 515 382 555 lugiter
407 514 529 553 Silesia,
890 511 1047 543 Consonet
1070 508 1218 549 ecclesia3

220 560 338 592 Sonent
359 561 489 593 laudum
513 560 669 591 melodiae
885 556 1039 588 Miserere
1059 555 1250 594 miserorum,

269 608 382 640 Gordis
409 616 447 638 ex
471 607 601 648 laetitia,
886 603 954 634 Deo
981 602 1083 642 digna,
1110 603 1141 631 et
1163 603 1285 632 tuorum

310 654 450 685 Alleluia
888 649 965 681 Esto
987 656 1105 679 memor
1128 655 1307 686 memorum,

219 700 375 732 Consonet
399 700 541 738 ecclesia,
979 694 1116 726 Alleluia

218 746 300 777 Nam
325 746 485 786 Hedwigis
509 746 582 777 hinc
606 743 761 782 transivit,
890 741 1045 774 consonet
1069 740 1207 772 ecclesia.

222 811 305 839 Brev.
331 820 383 838 ms.
410 810 603 838 Altovadense
627 817 701 835 saec.
728 805 771 834 14.
810 806 877 833 God.
904 805 1073 833 Altovaden.
1098 804 1162 831 LII.
1189 805 1223 831 A.
1253 819 1288 823 —
1308 805 1423 841 Antiph.

147 857 199 876 ms.
230 849 421 876 cisterciense
452 846 486 881 (ἲ)
518 855 590 875 saec.
627 844 669 872 14.
713 844 782 872 Ood.
806 844 881 870 Mus.
906 843 1069 870 Franciscei
1093 841 1217 868 Brnnen.
1241 839 1306 869 433.
1332 844 1363 870 Β.
1390 859 1423 862 -

146 887 232 913 Brev.
260 894 310 913 ms.
333 885 522 912 Oisterciense
546 883 581 917 (‘?)
605 891 678 910 saec.
709 880 753 908 14.
798 880 866 908 Cod.
892 878 984 907 Palat.
1011 878 1210 905 Vindobonen.
1239 877 1317 906 1868.
1339 881 1368 908 O.
1388 895 1427 899 —-

147 923 232 950 Brev.
261 931 314 949 ms.
335 922 513 949 Benedictin.
535 920 701 947 Cracovien.
726 918 759 953 (2³)
783 919 852 945 anni
880 915 959 944 1406.
1000 916 1067 943 Cod.
1095 915 1257 942 Berolinen.
1284 917 1338 943 IVe
1364 916 1424 945 149.

149 962 184 987 D.
206 974 241 978 —
262 961 345 987 Brev.
367 968 418 986 ms.
432 958 682 986 Henriehoviense
703 963 776 983 saec.
798 952 841 981 14.
868 952 1165 981 Cod.W1-atis1avien.
1188 952 1204 978 Ι
1223 952 1248 984 Q
1262 951 1324 981 244.
1339 955 1392 981 E,¹

147 998 231 1024 Brev.
256 1006 308 1024 ms.
327 997 520 1024 Trebnicense
545 1003 618 1022 saec.
649 992 692 1020 15.
732 992 799 1019 Cod.
820 991 1034 1018 Wratislavien.
1064 990 1079 1016 Ι
1099 989 1122 1016 O
1143 987 1187 1015 94.
1204 989 1236 1016 F.
1257 1004 1292 1008 —
1309 992 1425 1027 Antiph.

147 1043 199 1061 ms.
220 1034 468 1061 Henrichoviense
489 1040 562 1059 saec.
585 1030 628 1058 15.
665 1030 733 1057 Cod.
754 1028 970 1056 Wratislavien.
990 1027 1006 1053 Ι
1024 1027 1055 1053 F.
1075 1023 1138 1053 397.
1160 1025 1192 1053 Gr.
1212 1040 1248 1044 —
1270 1028 1353 1055 Brev.
1373 1038 1425 1056 ms,

149 1072 342 1099 Camencense
358 1079 431 1098 saec.
447 1069 489 1097 15.
530 1068 825 1096 Cod.Wratislavien.
847 1065 872 1097 Q,
891 1062 954 1091 245.
974 1064 1012 1091 H.
1033 1078 1068 1082 —
1087 1063 1171 1090 Brev.
1191 1072 1242 1090 ms.
1263 1065 1422 1093 Hem-ichn-

148 1110 249 1136 viense
268 1116 342 1135 saec.
365 1106 407 1135 15.
449 1107 514 1134 Cod.
538 1105 753 1133 Wratislavien.
773 1103 788 1130 Ι
807 1102 832 1135 Q,
852 1100 915 1128 244.
935 1101 958 1128 Ι.

222 1156 261 1182 In
282 1153 306 1181 1.
327 1155 425 1182 Noct.
449 1152 469 1180 Β
494 1151 508 1179 1
529 1152 589 1179 und
607 1150 624 1179 3
645 1152 745 1178 lauteri
764 1151 795 1177 in
814 1149 856 1176 D:

147 1202 181 1228 R.
198 1199 223 1228 1.
245 1201 326 1228 Felix
345 1202 433 1235 igitur
452 1199 602 1234 Hedwigis
824 1192 850 1221 3.
870 1195 962 1221 Beata
980 1193 1129 1228 Hedwigis

242 1238 287 1265 Ab
308 1239 391 1264 annis
411 1237 552 1264 infantiae
870 1232 969 1258 Annos
990 1239 1076 1266 agens
1097 1231 1248 1266 pubertatis

240 1276 315 1302 Voto
336 1275 531 1302 continentiae
872 1269 951 1295 Zona
970 1269 1112 1294 eastitatis

280 1312 397 1347 Semper
416 1312 560 1346 inspirata
908 1305 1035 1332 Lumbos
1056 1306 1151 1340 coepit
1170 1307 1320 1341 accingere

242 1349 350 1384 Nupsit
368 1349 434 1375 duci
454 1348 566 1375 Slesiae
877 1342 932 1370 Cor
952 1350 1049 1369 amore
1066 1343 1201 1377 puritatis

243 1387 300 1413 Dei
318 1385 516 1421 providentiae
870 1380 910 1407 Et
929 1379 965 1406 atl
985 1382 1095 1414 petram
1114 1380 1245 1406 veritatis

279 1424 359 1450 Nutu
378 1422 521 1456 copulata.
908 1417 1049 1443 Parvulos
1070 1416 1197 1450 allidere,

186 1461 222 1488 V.
245 1461 327 1487 Haec
345 1468 403 1486 non
421 1458 585 1485 voluntarie
815 1455 849 1481 V.
875 1454 1048 1488 Liberisque
1066 1455 1211 1488 generatis

243 1497 300 1524 Sed
320 1496 520 1524 oboedientiae
874 1490 979 1518 Sensus
999 1491 1093 1518 fluxae
1111 1491 1269 1526 voluptatis

282 1535 389 1561 Parens
409 1533 589 1567 desponsata.
911 1527 1020 1555 Orabat
1038 1529 1217 1563 restringere.

151 1580 181 1617 Β,
201 1580 220 1608 4
242 1581 288 1608 Sit
310 1580 374 1607 laus
400 1580 456 1607 Dei
481 1579 540 1606 filio
567 1579 619 1604 ete.
646 1577 680 1603 D.
707 1590 740 1594 —
765 1576 808 1603 In
834 1573 859 1600 2.
887 1574 983 1601 Noct.
1011 1572 1032 1599 Α
1060 1572 1085 1607 6,
1105 1571 1123 1601 3
1147 1582 1182 1609 sq
1204 1574 1299 1601 fehlen
1328 1575 1364 1602 D.
1391 1589 1427 1593 —

150 1618 171 1644 Α
197 1617 223 1652 6,
243 1618 260 1646 5
290 1626 331 1653 sq.
353 1617 448 1644 fehlen
467 1617 500 1643 A.
525 1630 556 1634 —
578 1613 597 1639 Β
619 1612 645 1647 2,
669 1613 683 1640 1
703 1613 764 1640 sole
783 1615 860 1639 ‘tecta
878 1611 912 1638 A.
932 1626 968 1630 -——
990 1608 1010 1636 Β
1031 1608 1057 1643 2,
1075 1609 1094 1637 4
1113 1613 1143 1638 et
1161 1611 1232 1638 fehlt
1250 1612 1283 1638 A.
1304 1627 1339 1631 —
1361 1610 1389 1646 Β,
1410 1611 1430 1639 4

149 1656 300 1691 Hedwigis
321 1656 410 1689 stirpe
429 1653 537 1681 nobilis
558 1654 610 1679 etc.
630 1650 705 1686 (Vgl.
727 1651 777 1677 das
791 1648 871 1677 offic.
892 1648 1016 1675 Laetare
1036 1647 1191 1675 Germania
1212 1648 1236 1675 1.
1256 1649 1339 1676 Noct.
1361 1648 1380 1675 Β
1404 1649 1430 1684 1)

148 1694 184 1720 D.
205 1708 242 1712 —
261 1693 301 1720 In
327 1690 353 1719 3.
372 1691 423 1718 No
434 1693 473 1717 et.
494 1690 531 1717 ad
550 1689 630 1717 Cant.
651 1687 673 1713 Α
694 1686 842 1721 prosaisch
862 1687 898 1713 D.
918 1700 955 1704 —
976 1683 996 1711 Β
1019 1683 1033 1711 1
1055 1688 1164 1721 Corpus
1185 1687 1246 1713 eius
1265 1687 1429 1722 squalidum

151 1728 220 1765 (vgl.
241 1731 293 1757 das
316 1728 395 1757 Osfie.
416 1729 450 1755 In
469 1727 673 1754 Translatione
692 1723 709 1752 3
728 1726 811 1753 Noct.
834 1721 854 1749 Β
877 1722 903 1757 1)
921 1724 957 1750 D.
971 1738 1009 1742 —
1030 1722 1049 1747 Β
1071 1721 1088 1749 2
1102 1724 1184 1750 Haec
1203 1724 1234 1750 in
1248 1731 1333 1751 carne
1345 1732 1429 1759 gene-

151 1776 217 1795 rosa
240 1768 308 1803 (vgl.
329 1765 422 1794 offle:
450 1766 572 1792 Laetare
591 1761 617 1791 3.
638 1763 720 1790 Noct.
743 1760 763 1788 Β
784 1760 811 1795 2)
830 1761 865 1787 D.
878 1775 914 1779 —
936 1758 956 1786 Β
977 1757 994 1787 3
1013 1760 1133 1787 Manum
1151 1761 1268 1788 mittens
1288 1762 1324 1788 ad
1343 1762 1430 1789 fortia

147 1805 228 1837 (ibid.
258 1804 272 1831 1
292 1804 374 1831 Noct.
404 1801 424 1829 Β
447 1801 474 1837 2)
492 1803 529 1829 D.
547 1815 585 1820 —
603 1801 645 1828 In
664 1800 769 1827 Laud.
791 1798 812 1824 Α
833 1796 850 1824 2
871 1798 953 1825 Haec
972 1800 1016 1825 est
1032 1797 1179 1833 Hedwigis
1199 1798 1286 1825 beata
1304 1798 1362 1833 (cfr.
1384 1799 1421 1826 ad

148 1841 275 1876 Sextam)
295 1842 335 1876 D;
357 1838 404 1867 ΑΑ
424 1838 497 1867 3-5
517 1837 667 1875 prosaiseh
687 1838 723 1863 1).
744 1851 779 1855 -
799 1836 844 1863 Ad
863 1836 966 1863 Bened.
988 1834 1010 1861 Α
1031 1837 1062 1862 in
1081 1836 1123 1862 D:

555 1885 578 1912 O
598 1884 750 1911 viduarum
770 1882 918 1918 speculum

556 1922 597 1949 Et
616 1921 750 1948 devotum
770 1920 965 1955 spectaculum

556 1959 701 1992 Caritatis,
723 1958 832 1985 castitis
855 1960 884 1984 et
902 1957 1045 1992 largitatis

592 1996 633 2023 Et
652 1997 741 2023 totius
761 1996 872 2031 gratiae

556 2035 658 2068 Quare,
680 2033 769 2069 digna
787 2033 923 2068 praemio,

554 2072 617 2098 Tuo
639 2070 800 2106 patrocinio

554 2110 621 2142 Fac,
643 2113 677 2135 ut
696 2108 778 2144 dig-ni
800 2107 873 2134 solio

592 2146 688 2174 Simus
709 2145 784 2173 caeli
803 2144 921 2180 gloriae.

146 2197 221 2224 Ibid.
242 2194 276 2223 12
299 2195 373 2224 caeli
391 2195 464 2223 fehlt
482 2194 516 2221 A.
532 2210 567 2213 —
587 2191 636 2219 ΑΑ
652 2201 703 2228 per
716 2192 811 2219 Horas
831 2191 926 2218 fehlen
945 2192 981 2218 D.
994 2206 1031 2210 —
1049 2191 1090 2218 In
1108 2189 1135 2218 2.
1149 2192 1253 2227 Vesp.
1275 2192 1311 2218 ad
1330 2192 1427 2227 Magn.

146 2233 170 2261 Α
190 2234 283 2261 lautet
301 2234 332 2259 in
351 2233 393 2260 D:

554 2268 719 2296 Hodiernae
740 2267 941 2294 sollemnitatis
963 2267 1075 2302 gaudia,

554 2307 635 2340 Quae
654 2307 738 2333 nobis
759 2306 828 2332 anni
843 2304 958 2332 reduxit
977 2305 1079 2338 orbita,

551 2344 607 2371 Pia
626 2343 786 2371 recolamus
807 2342 959 2370 devotione

552 2382 660 2409 Beatae
679 2381 827 2416 Hedwigis
846 2381 959 2407 utentes
979 2379 1163 2407 famulamine
