1650 2542
765 160 803 165 ——-
859 140 1018 175 194-

329 236 410 262 Brev.
426 235 634 262 Rosehildense
652 236 718 269 imp.
732 234 854 260 Parisiis
875 230 955 260 1517.
976 248 1012 252 ———
1032 233 1074 259 In
1093 230 1120 258 2.
1140 233 1238 259 Noeh
1261 230 1281 257 R
1296 229 1322 266 3,
1336 228 1353 257 5
1367 237 1480 265 pravas.
1495 242 1529 247 —

255 274 296 299 In
314 270 340 299 3.
360 272 457 298 Noct
490 272 554 298 Von
573 270 595 297 Α
616 269 630 297 1
651 271 751 298 stehen
770 279 824 297 nur
843 270 890 296 die
911 278 953 296 er.
957 272 1004 296 ten
1024 270 1095 296 zwei
1114 270 1212 297 Zeilen
1232 270 1285 296 mit
1305 251 1396 295 r’otem
1416 269 1469 294 ete.
1489 266 1530 292 im

254 310 383 342 Baevier3
403 309 450 336 die
462 308 609 343 Antiphon
627 308 716 335 selbst
734 308 812 334 steht
833 307 901 334 ¹uber
920 306 1064 342 nirgends.
1085 321 1122 325 —
1141 305 1164 332 Α
1179 305 1204 339 2,
1220 305 1234 333 1
1249 306 1370 333 habitat
1384 319 1421 324 —
1436 303 1455 329 Β
1471 301 1497 336 3,
1511 301 1530 329 4

256 346 390 372 desertas.
411 360 444 364 —-
465 346 522 372 Die
540 345 642 372 beiden
661 345 795 379 Hymnen
816 343 1089 370 cfr.Ana1.XX111
1107 344 1157 370 Nr.
1177 341 1232 371 370
1253 352 1294 379 sq.

654 433 697 464 68.
728 432 770 464 De
789 433 895 463 sancto
916 433 1037 464 Kanuto
1058 440 1143 472 rege.

395 502 410 532 I
418 511 436 532 n
465 502 480 533 1
488 527 495 533 .
521 502 548 532 V
558 509 575 531 e
584 510 624 540 sp
635 510 652 532 e
660 501 727 533 ris.
916 501 954 533 R.
983 501 1078 532 Miles
1104 500 1219 532 Christi
1242 500 1386 539 gloriose,

457 591 647 626 Antiphonae.

265 658 294 688 1.
320 657 396 698 Ave,
423 659 542 694 martyr
564 656 741 695 praecipue,

319 703 396 743 Ave,
423 711 478 733 rex
501 702 717 741 insignissime,

320 748 454 789 Kanum,
482 756 549 778 cum
573 748 766 788 principibus

322 794 529 832 Triumphans
552 794 614 825 iam
640 795 841 834 caelestibus,

321 839 414 878 Ecce,
440 843 525 870 tuum
550 849 607 878 per
631 841 785 872 saeculum

322 885 469 925 Refulget
493 886 577 917 clare
600 887 753 927 meritum,

317 931 426 963 Exora
449 940 505 972 pro
528 930 665 963 fidelium

319 976 435 1018 Salute,
460 986 525 1016 rex,
550 978 742 1010 altissimum.

290 1056 296 1062 .
325 1032 377 1063 Sol
402 1033 504 1063 oriens
528 1041 585 1063 nec
610 1033 755 1065 deficlens

367 1078 406 1109 de
430 1078 547 1117 virgine
571 1079 662 1110 stella

320 1123 460 1155 Luciflua
483 1124 600 1163 pietate
622 1134 678 1156 sua

365 1172 406 1209 te,
432 1173 547 1209 sancte,
574 1174 709 1210 coronat,

319 1216 387 1247 Rex
412 1216 552 1255 celebriS,
577 1226 633 1248 nos
657 1218 697 1248 de
719 1217 857 1248 tenebris

360 1262 486 1293 absolve
509 1265 623 1303 reatus,

318 1307 403 1338 Luce
425 1306 505 1347 fluis,
529 1308 584 1339 iux
610 1311 674 1339 esto
699 1309 770 1348 tuis,

361 1353 494 1395 Kanate,
520 1357 655 1393 rogatus

284 1430 292 1438 .
318 1407 426 1438 Laude
448 1408 500 1448 pie
524 1411 631 1439 sancta

361 1453 421 1484 iam
446 1454 638 1485 decantando
662 1455 796 1497 Kanute,

315 1499 451 1538 Lampas
476 1500 625 1539 caelestis,

362 1545 479 1577 Christi
502 1545 671 1577 fortissime
690 1548 788 1589 testis,

318 1592 384 1622 Iam
405 1591 536 1623 Domino
561 1596 677 1634 gratus,

360 1639 482 1669 nostros
506 1638 633 1670 absolve
655 1641 769 1678 reatus,

317 1682 362 1714 Ut
384 1683 443 1713 tibi
468 1692 536 1713 cum
559 1684 648 1715 iustis

360 1728 446 1768 iungi
468 1738 641 1760 mereamur
661 1730 693 1760 111
717 1731 819 1762 astris.

283 1810 290 1816 .
316 1783 340 1815 Ο
364 1783 445 1814 bone
467 1792 523 1815 rex
547 1793 662 1827 regum,

359 1838 415 1860 nos
447 1832 576 1870 protege
607 1831 645 1861 ab
676 1831 765 1863 hoste
788 1841 851 1862 ma-

630 1877 714 1916 ligno

315 1921 433 1952 Kanuti
457 1922 586 1961 meritis,

361 1969 395 1997 ut
417 1969 449 1997 te
472 1968 540 1999 51110
562 1967 624 1999 fine
647 1969 788 2000 videntes

317 2012 390 2044 Cum
416 2014 509 2044 rectis
532 2015 634 2045 animo

361 2059 513 2090 laetemur
532 2060 564 2090 in
583 2061 709 2091 aethere
724 2071 851 2094 summo.

282 2139 289 2146 .
316 2114 340 2145 O
366 2116 495 2153 martyr,
520 2123 576 2145 rex
599 2116 726 2156 Daciae,

315 2159 451 2199 Kanute,
476 2160 576 2191 victor
597 2162 713 2200 inclite,

313 2206 411 2237 Posce
434 2206 495 2237 tuis
518 2205 661 2239 fidelibus

315 2249 492 2294 [Aeternae]
518 2253 653 2291 palmam
677 2255 795 2294 gloriae

312 2298 357 2329 Et
381 2298 441 2329 duc
466 2298 505 2329 de
527 2300 636 2331 mortis
656 2302 794 2334 tenebris

313 2344 367 2376 Ad
390 2345 521 2384 gratiam
545 2345 625 2377 filios
648 2347 745 2380 Evae.

1032 547 1158 578 Kanute
1181 546 1384 586 sanctissime,

984 593 1051 624 Tuo
1073 593 1126 631 pio
1149 593 1326 623 interventu

1031 639 1137 677 culpas
1163 640 1285 669 nostras
1310 638 1410 681 ablue,

916 686 953 718 V.
985 686 1029 718 Ut
1051 685 1197 723 perennis
1219 684 1307 723 regni
1330 685 1434 715 sedem

1030 731 1186 762 valeamus
1212 731 1373 763 scandere.

1099 812 1143 838 Ad
1166 811 1342 848 Magnificat.

913 869 953 901 A.
983 867 1165 907 Magnificet
1187 868 1289 907 plebis

1031 915 1154 946 devotio
1177 917 1286 945 sancta
1309 914 1411 946 fidelis

982 961 1100 999 Regum
1124 961 1288 999 primatem

1030 1015 1097 1037 cum
1122 1007 1248 1037 summis
1268 1007 1332 1038 ima
1355 1010 1524 1047 regentem,

985 1052 1078 1084 Guius
1102 1053 1261 1084 Kanutum

1032 1099 1192 1130 decoravit
1215 1100 1316 1138 gratia
1340 1102 1480 1130 sanctum

982 1144 1114 1175 Nomine
1141 1146 1294 1184 martyrii,

1030 1190 1110 1221 sicut
1133 1191 1220 1229 prius
1244 1192 1416 1232 imperiali3

982 1236 1095 1266 Inclite
1121 1237 1247 1268 devotos

1029 1282 1086 1313 t-ibi
1102 1286 1223 1322 martyr
1238 1285 1369 1322 protege
1386 1287 1521 1315 cunctos.

1041 1402 1100 1433 Ad
1125 1402 1390 1436 Matutinum.

1106 1475 1317 1502 Invitatorium.

979 1530 1102 1562 Christo
1126 1532 1233 1562 venite
1258 1532 1401 1564 dulcibus

978 1576 1179 1608 Coniubilare
1202 1578 1340 1620 vocibus,

980 1622 1074 1654 Cuius
1100 1623 1227 1655 Kanuto
1251 1625 1353 1664 gratia

978 1669 1088 1707 Regna
1114 1669 1203 1700 dedit
1228 1671 1385 1704 caelestia.

1042 1788 1087 1819 In
1115 1789 1145 1822 1.
1169 1789 1394 1823 Nocturno.

1124 1862 1317 1898 Antiphonae.

945 1941 952 1948 .
977 1916 1084 1956 Stirpe
1104 1919 1205 1958 regali
1229 1920 1332 1951 editus

978 1963 1121 1996 Kanutus
1146 1973 1224 2004 puer
1248 1966 1375 1997 inolitus

978 2010 1159 2049 Praeceptis
1185 2019 1254 2042 sese
1278 2012 1405 2043 Domini

979 2055 1081 2088 Corde
1104 2056 1261 2088 subdebat
1283 2058 1403 2091 humili.

921 2112 952 2142 2.
975 2111 1097 2143 Crescit
1118 2121 1240 2143 morum
1264 2115 1435 2152 prudentia

976 2157 1053 2189 Cum
1072 2158 1243 2191 iuventutis
1268 2161 1379 2203 gratia,

976 2203 1069 2235 Unde
1092 2203 1153 2235 Dei
1173 2204 1320 2245 suffragio

977 2249 1138 2281 Processit
1161 2259 1217 2282 rex
1240 2252 1383 2292 imperio.

944 2328 951 2335 .
978 2304 1181 2337 circumdant
1203 2307 1305 2347 plebis
1329 2309 1417 2341 milia

977 2351 1137 2383 Athletam
1163 2352 1222 2384 Dei
1247 2353 1351 2395 fortia,
