<?xml version="1.0" encoding="UTF-8"?>
<!DOCTYPE html PUBLIC "-//W3C//DTD XHTML 1.0 Transitional//EN"
    "http://www.w3.org/TR/xhtml1/DTD/xhtml1-transitional.dtd">
<html xmlns="http://www.w3.org/1999/xhtml" xml:lang="en" lang="en">
 <head>
  <title>
</title>
<meta http-equiv="Content-Type" content="text/html;charset=utf-8" />
  <meta name='ocr-system' content='tesseract 3.04.00' />
  <meta name='ocr-capabilities' content='ocr_page ocr_carea ocr_par ocr_line ocrx_word'/>
</head>
<body>
  <div class='ocr_page' id='page_1' title='image "./analectahymnica26drevuoft_00254.png"; bbox 0 0 1650 2542; ppageno 0'>
   <div class='ocr_carea' id='block_1_1' title="bbox 683 113 936 148">
    <p class='ocr_par' dir='ltr' id='par_1_1' title="bbox 683 113 936 148">
     <span class='ocr_line' id='line_1_1' title="bbox 683 113 936 148; baseline 0.004 -1"><span class='ocrx_word' id='word_1_1' title='bbox 683 113 841 148; x_wconf 82' lang='lat'>—251</span> <span class='ocrx_word' id='word_1_2' title='bbox 895 132 936 138; x_wconf 85' lang='lat'><em>-</em></span> 
     </span>
    </p>
   </div>
   <div class='ocr_carea' id='block_1_2' title="bbox 164 201 1285 250">
    <p class='ocr_par' dir='ltr' id='par_1_2' title="bbox 164 201 1285 250">
     <span class='ocr_line' id='line_1_2' title="bbox 164 201 1285 250; baseline 0.006 -10"><span class='ocrx_word' id='word_1_3' title='bbox 164 201 202 235; x_wconf 81' lang='lat' dir='ltr'>V·</span> <span class='ocrx_word' id='word_1_4' title='bbox 235 201 343 235; x_wconf 71' lang='lat' dir='ltr'>Tellus</span> <span class='ocrx_word' id='word_1_5' title='bbox 366 204 438 236; x_wconf 65' lang='lat' dir='ltr'>nive</span> <span class='ocrx_word' id='word_1_6' title='bbox 462 206 588 250; x_wconf 67' lang='lat' dir='ltr'>tegitur,</span> <span class='ocrx_word' id='word_1_7' title='bbox 851 220 880 250; x_wconf 87' lang='lat'>4.</span> <span class='ocrx_word' id='word_1_8' title='bbox 907 217 966 249; x_wconf 91' lang='lat' dir='ltr'>Dei</span> <span class='ocrx_word' id='word_1_9' title='bbox 989 225 1101 248; x_wconf 88' lang='lat' dir='ltr'>nomen</span> <span class='ocrx_word' id='word_1_10' title='bbox 1124 216 1285 248; x_wconf 75' lang='lat' dir='ltr'>benedixit</span> 
     </span>
    </p>
   </div>
   <div class='ocr_carea' id='block_1_3' title="bbox 163 249 1420 887">
    <p class='ocr_par' dir='ltr' id='par_1_3' title="bbox 163 249 1420 887">
     <span class='ocr_line' id='line_1_3' title="bbox 270 249 1410 305; baseline 0.004 -16"><span class='ocrx_word' id='word_1_11' title='bbox 270 249 346 301; x_wconf 34' lang='lat' dir='ltr'>‘sed</span> <span class='ocrx_word' id='word_1_12' title='bbox 371 260 445 290; x_wconf 71' lang='lat' dir='ltr'>DaI&#39;S</span> <span class='ocrx_word' id='word_1_13' title='bbox 469 261 570 305; x_wconf 63' lang='lat' dir='ltr'>UOijle</span> <span class='ocrx_word' id='word_1_14' title='bbox 593 256 768 285; x_wconf 69' lang='lat' dir='ltr'>structurae</span> <span class='ocrx_word' id='word_1_15' title='bbox 908 264 969 295; x_wconf 89' lang='lat' dir='ltr'>Hic</span> <span class='ocrx_word' id='word_1_16' title='bbox 992 263 1149 304; x_wconf 80' lang='lat' dir='ltr'>sacerdos,</span> <span class='ocrx_word' id='word_1_17' title='bbox 1174 263 1298 303; x_wconf 87' lang='lat' dir='ltr'>quaudo</span> <span class='ocrx_word' id='word_1_18' title='bbox 1323 262 1410 301; x_wconf 85' lang='lat' dir='ltr'>vixit,</span> 
     </span>
     <span class='ocr_line' id='line_1_4' title="bbox 237 295 1386 351; baseline 0.01 -23"><span class='ocrx_word' id='word_1_19' title='bbox 237 295 459 348; x_wconf 43' lang='lat' dir='ltr'>vae-munda</span> <span class='ocrx_word' id='word_1_20' title='bbox 482 298 596 351; x_wconf 67' lang='lat' dir='ltr'>legitur</span> <span class='ocrx_word' id='word_1_21' title='bbox 908 310 1048 349; x_wconf 82' lang='lat' dir='ltr'>Regnum</span> <span class='ocrx_word' id='word_1_22' title='bbox 1073 309 1186 341; x_wconf 84' lang='lat' dir='ltr'>meruit</span> <span class='ocrx_word' id='word_1_23' title='bbox 1209 317 1386 348; x_wconf 87' lang='lat' dir='ltr'>supernum,</span> 
     </span>
     <span class='ocr_line' id='line_1_5' title="bbox 285 342 1420 395; baseline 0.001 -9"><span class='ocrx_word' id='word_1_24' title='bbox 285 342 510 375; x_wconf 84' lang='lat' dir='ltr'>M1racu10mm</span> <span class='ocrx_word' id='word_1_25' title='bbox 537 354 615 377; x_wconf 69' lang='lat' dir='ltr'>lure·</span> <span class='ocrx_word' id='word_1_26' title='bbox 909 357 947 388; x_wconf 92' lang='lat' dir='ltr'>In</span> <span class='ocrx_word' id='word_1_27' title='bbox 972 365 1031 395; x_wconf 88' lang='lat' dir='ltr'>quo</span> <span class='ocrx_word' id='word_1_28' title='bbox 1055 356 1170 395; x_wconf 86' lang='lat' dir='ltr'>gaudet</span> <span class='ocrx_word' id='word_1_29' title='bbox 1193 356 1226 387; x_wconf 92' lang='lat' dir='ltr'>in</span> <span class='ocrx_word' id='word_1_30' title='bbox 1250 358 1420 387; x_wconf 88' lang='lat' dir='ltr'>aeternum.</span> 
     </span>
     <span class='ocr_line' id='line_1_6' title="bbox 180 397 1269 450; baseline 0.005 -22"><span class='ocrx_word' id='word_1_31' title='bbox 180 398 212 429; x_wconf 90' lang='lat'>3.</span> <span class='ocrx_word' id='word_1_32' title='bbox 239 397 364 450; x_wconf 80' lang='lat' dir='ltr'>Petram</span> <span class='ocrx_word' id='word_1_33' title='bbox 387 398 515 437; x_wconf 86' lang='lat' dir='ltr'>Moyses</span> <span class='ocrx_word' id='word_1_34' title='bbox 539 402 703 443; x_wconf 77' lang='lat' dir='ltr'><strong>percussit,</strong></span> <span class='ocrx_word' id='word_1_35' title='bbox 853 413 883 444; x_wconf 47' lang='lat'>5·</span> <span class='ocrx_word' id='word_1_36' title='bbox 908 411 1091 443; x_wconf 60' lang='lat' dir='ltr'>Exsultabjt</span> <span class='ocrx_word' id='word_1_37' title='bbox 1112 411 1145 442; x_wconf 70' lang='lat' dir='ltr'>jn</span> <span class='ocrx_word' id='word_1_38' title='bbox 1170 411 1269 450; x_wconf 66' lang='lat' dir='ltr'>gloria</span> 
     </span>
     <span class='ocr_line' id='line_1_7' title="bbox 282 443 1328 495; baseline 0.003 -11"><span class='ocrx_word' id='word_1_39' title='bbox 282 443 381 475; x_wconf 61' lang='lat' dir='ltr'>Dedlt</span> <span class='ocrx_word' id='word_1_40' title='bbox 403 454 499 484; x_wconf 68' lang='lat' dir='ltr'>aquas</span> <span class='ocrx_word' id='word_1_41' title='bbox 524 447 650 486; x_wconf 69' lang='lat' dir='ltr'>populo,</span> <span class='ocrx_word' id='word_1_42' title='bbox 956 457 1086 489; x_wconf 82' lang='lat' dir='ltr'>Gaudiis</span> <span class='ocrx_word' id='word_1_43' title='bbox 1109 457 1328 495; x_wconf 81' lang='lat' dir='ltr'>laudabilibus,</span> 
     </span>
     <span class='ocr_line' id='line_1_8' title="bbox 236 489 1269 535; baseline 0.005 -14"><span class='ocrx_word' id='word_1_44' title='bbox 236 489 338 521; x_wconf 84' lang='lat' dir='ltr'>Deum</span> <span class='ocrx_word' id='word_1_45' title='bbox 362 500 475 530; x_wconf 87' lang='lat' dir='ltr'>rogans</span> <span class='ocrx_word' id='word_1_46' title='bbox 500 492 551 523; x_wconf 92' lang='lat' dir='ltr'>hic</span> <span class='ocrx_word' id='word_1_47' title='bbox 576 494 712 524; x_wconf 78' lang='lat' dir='ltr'>excussit</span> <span class='ocrx_word' id='word_1_48' title='bbox 909 504 946 534; x_wconf 92' lang='lat' dir='ltr'>In</span> <span class='ocrx_word' id='word_1_49' title='bbox 970 506 1098 535; x_wconf 65' lang='lat' dir='ltr'>aeterna</span> <span class='ocrx_word' id='word_1_50' title='bbox 1120 504 1269 534; x_wconf 68' lang='lat' dir='ltr'>memoria</span> 
     </span>
     <span class='ocr_line' id='line_1_9' title="bbox 286 537 1381 581; baseline 0.002 -3"><span class='ocrx_word' id='word_1_51' title='bbox 286 537 470 568; x_wconf 64' lang='lat' dir='ltr'>Torrentem</span> <span class='ocrx_word' id='word_1_52' title='bbox 496 539 578 569; x_wconf 68' lang='lat'>55000</span> <span class='ocrx_word' id='word_1_53' title='bbox 603 542 708 580; x_wconf 89' lang='lat' dir='ltr'>puteo,</span> <span class='ocrx_word' id='word_1_54' title='bbox 956 550 1139 581; x_wconf 80' lang='lat' dir='ltr'>Laetabitur</span> <span class='ocrx_word' id='word_1_55' title='bbox 1161 550 1194 580; x_wconf 90' lang='lat' dir='ltr'>in</span> <span class='ocrx_word' id='word_1_56' title='bbox 1219 549 1381 580; x_wconf 88' lang='lat' dir='ltr'>cubilibus.</span> 
     </span>
     <span class='ocr_line' id='line_1_10' title="bbox 163 583 657 623; baseline 0.004 -9"><span class='ocrx_word' id='word_1_57' title='bbox 163 583 208 616; x_wconf 86' lang='lat' dir='ltr'>·V.</span> <span class='ocrx_word' id='word_1_58' title='bbox 238 583 300 614; x_wconf 88' lang='lat' dir='ltr'>Res</span> <span class='ocrx_word' id='word_1_59' title='bbox 325 583 512 616; x_wconf 87' lang='lat' dir='ltr'>admiranda</span> <span class='ocrx_word' id='word_1_60' title='bbox 537 585 657 623; x_wconf 85' lang='lat' dir='ltr'>claruit,</span> 
     </span>
     <span class='ocr_line' id='line_1_11' title="bbox 236 622 1269 671; baseline 0.004 -11"><span class='ocrx_word' id='word_1_61' title='bbox 236 629 330 669; x_wconf 88' lang='lat' dir='ltr'>Fons,</span> <span class='ocrx_word' id='word_1_62' title='bbox 357 630 410 669; x_wconf 91' lang='lat' dir='ltr'>qui</span> <span class='ocrx_word' id='word_1_63' title='bbox 433 631 520 669; x_wconf 86' lang='lat' dir='ltr'>prius</span> <span class='ocrx_word' id='word_1_64' title='bbox 545 632 637 671; x_wconf 85' lang='lat' dir='ltr'>aruit,</span> <span class='ocrx_word' id='word_1_65' title='bbox 1024 623 1070 650; x_wconf 81' lang='lat' dir='ltr'>Ad</span> <span class='ocrx_word' id='word_1_66' title='bbox 1088 622 1269 649; x_wconf 68' lang='lat' dir='ltr'>Benedictus.</span> 
     </span>
     <span class='ocr_line' id='line_1_12' title="bbox 237 677 1284 718; baseline 0.003 -11"><span class='ocrx_word' id='word_1_67' title='bbox 237 677 335 715; x_wconf 86' lang='lat' dir='ltr'>Aquis</span> <span class='ocrx_word' id='word_1_68' title='bbox 360 677 471 715; x_wconf 87' lang='lat' dir='ltr'>plenus</span> <span class='ocrx_word' id='word_1_69' title='bbox 496 678 650 717; x_wconf 84' lang='lat' dir='ltr'>apparuit.</span> <span class='ocrx_word' id='word_1_70' title='bbox 840 680 879 712; x_wconf 90' lang='lat' dir='ltr'>A.</span> <span class='ocrx_word' id='word_1_71' title='bbox 911 679 1098 712; x_wconf 79' lang='lat' dir='ltr'>Benedictus</span> <span class='ocrx_word' id='word_1_72' title='bbox 1122 679 1284 718; x_wconf 85' lang='lat' dir='ltr'>Emanuel,</span> 
     </span>
     <span class='ocr_line' id='line_1_13' title="bbox 909 725 1303 764; baseline 0 -8"><span class='ocrx_word' id='word_1_73' title='bbox 909 726 1060 757; x_wconf 86' lang='lat' dir='ltr'>Dominus</span> <span class='ocrx_word' id='word_1_74' title='bbox 1084 725 1169 757; x_wconf 89' lang='lat' dir='ltr'>Deus</span> <span class='ocrx_word' id='word_1_75' title='bbox 1194 726 1303 764; x_wconf 76' lang='lat' dir='ltr'>lsrael,</span> 
     </span>
     <span class='ocr_line' id='line_1_14' title="bbox 334 771 1294 813; baseline 0 -11"><span class='ocrx_word' id='word_1_76' title='bbox 334 779 379 810; x_wconf 75' lang='lat'>111</span> <span class='ocrx_word' id='word_1_77' title='bbox 403 778 631 812; x_wconf 61' lang='lat' dir='ltr'>Laudibus,</span> <span class='ocrx_word' id='word_1_78' title='bbox 910 772 1148 804; x_wconf 83' lang='lat' dir='ltr'>Damnationem</span> <span class='ocrx_word' id='word_1_79' title='bbox 1170 771 1294 813; x_wconf 84' lang='lat' dir='ltr'>abiecit,</span> 
     </span>
     <span class='ocr_line' id='line_1_15' title="bbox 911 816 1309 850; baseline -0.003 -1"><span class='ocrx_word' id='word_1_80' title='bbox 911 819 992 849; x_wconf 75' lang='lat' dir='ltr'>Nam</span> <span class='ocrx_word' id='word_1_81' title='bbox 1015 818 1154 850; x_wconf 88' lang='lat' dir='ltr'>visitavit</span> <span class='ocrx_word' id='word_1_82' title='bbox 1178 822 1210 850; x_wconf 90' lang='lat' dir='ltr'>et</span> <span class='ocrx_word' id='word_1_83' title='bbox 1233 816 1309 848; x_wconf 86' lang='lat' dir='ltr'>fecit</span> 
     </span>
     <span class='ocr_line' id='line_1_16' title="bbox 377 851 572 887; baseline 0 -8"><span class='ocrx_word' id='word_1_84' title='bbox 377 851 572 887; x_wconf 86' lang='lat' dir='ltr'>Antiphonae.</span> 
     </span>
    </p>
   </div>
   <div class='ocr_carea' id='block_1_4' title="bbox 181 864 1343 1042">
    <p class='ocr_par' dir='ltr' id='par_1_4' title="bbox 912 864 1253 903">
     <span class='ocr_line' id='line_1_17' title="bbox 912 864 1253 903; baseline -0.006 -7"><span class='ocrx_word' id='word_1_85' title='bbox 912 864 1049 896; x_wconf 82' lang='lat' dir='ltr'>Salutem</span> <span class='ocrx_word' id='word_1_86' title='bbox 1073 864 1181 903; x_wconf 90' lang='lat' dir='ltr'>populi</span> <span class='ocrx_word' id='word_1_87' title='bbox 1206 864 1253 895; x_wconf 92' lang='lat' dir='ltr'>sui</span> 
     </span>
    </p>

    <p class='ocr_par' dir='ltr' id='par_1_5' title="bbox 181 908 1343 1042">
     <span class='ocr_line' id='line_1_18' title="bbox 181 908 1343 948; baseline 0.003 -9"><span class='ocrx_word' id='word_1_88' title='bbox 181 908 211 939; x_wconf 92' lang='lat'>1.</span> <span class='ocrx_word' id='word_1_89' title='bbox 235 908 298 940; x_wconf 86' lang='lat' dir='ltr'>Hic</span> <span class='ocrx_word' id='word_1_90' title='bbox 321 910 447 939; x_wconf 85' lang='lat' dir='ltr'>sanctus</span> <span class='ocrx_word' id='word_1_91' title='bbox 472 911 545 948; x_wconf 81' lang='lat' dir='ltr'>post</span> <span class='ocrx_word' id='word_1_92' title='bbox 568 919 740 941; x_wconf 86' lang='lat' dir='ltr'>maerorem</span> <span class='ocrx_word' id='word_1_93' title='bbox 913 911 1010 941; x_wconf 85' lang='lat' dir='ltr'>Prece</span> <span class='ocrx_word' id='word_1_94' title='bbox 1032 910 1132 941; x_wconf 85' lang='lat' dir='ltr'>sancti</span> <span class='ocrx_word' id='word_1_95' title='bbox 1155 910 1343 942; x_wconf 86' lang='lat' dir='ltr'>Leonhardi.</span> 
     </span>
     <span class='ocr_line' id='line_1_19' title="bbox 237 954 524 992; baseline 0.007 -8"><span class='ocrx_word' id='word_1_96' title='bbox 237 954 345 985; x_wconf 84' lang='lat' dir='ltr'>Induit</span> <span class='ocrx_word' id='word_1_97' title='bbox 370 954 524 992; x_wconf 85' lang='lat' dir='ltr'>decorem,</span> 
     </span>
     <span class='ocr_line' id='line_1_20' title="bbox 241 999 693 1042; baseline 0.002 -11"><span class='ocrx_word' id='word_1_98' title='bbox 241 999 357 1032; x_wconf 88' lang='lat' dir='ltr'>Contra</span> <span class='ocrx_word' id='word_1_99' title='bbox 379 1001 529 1032; x_wconf 89' lang='lat' dir='ltr'>mundum</span> <span class='ocrx_word' id='word_1_100' title='bbox 552 1002 693 1042; x_wconf 84' lang='lat' dir='ltr'>luctavit,</span> 
     </span>
    </p>
   </div>
   <div class='ocr_carea' id='block_1_5' title="bbox 239 1020 1317 1087">
    <p class='ocr_par' dir='ltr' id='par_1_6' title="bbox 239 1020 1317 1087">
     <span class='ocr_line' id='line_1_21' title="bbox 264 1020 1317 1058; baseline 0.001 -9"><span class='ocrx_word' id='word_1_101' title='bbox 264 1047 269 1053; x_wconf 90' lang='grc'><strong>,</strong></span> <span class='ocrx_word' id='word_1_102' title='bbox 624 1048 629 1054; x_wconf 92' lang='grc'><strong>,</strong></span> <span class='ocrx_word' id='word_1_103' title='bbox 980 1021 1026 1052; x_wconf 90' lang='lat' dir='ltr'>In</span> <span class='ocrx_word' id='word_1_104' title='bbox 1052 1021 1083 1051; x_wconf 85' lang='lat'>2.</span> <span class='ocrx_word' id='word_1_105' title='bbox 1109 1020 1317 1058; x_wconf 85' lang='lat' dir='ltr'>Vesperis.</span> 
     </span>
     <span class='ocr_line' id='line_1_22' title="bbox 239 1046 655 1087; baseline 0.005 -10"><span class='ocrx_word' id='word_1_106' title='bbox 239 1046 291 1077; x_wconf 79' lang='lat' dir='ltr'>Sic</span> <span class='ocrx_word' id='word_1_107' title='bbox 314 1047 463 1078; x_wconf 91' lang='lat' dir='ltr'>mundum</span> <span class='ocrx_word' id='word_1_108' title='bbox 487 1052 655 1087; x_wconf 70' lang='lat' dir='ltr'>superavn.</span> 
     </span>
    </p>
   </div>
   <div class='ocr_carea' id='block_1_6' title="bbox 177 1101 1449 1476">
    <p class='ocr_par' dir='ltr' id='par_1_7' title="bbox 177 1101 1449 1476">
     <span class='ocr_line' id='line_1_23' title="bbox 181 1101 1266 1137; baseline 0.004 -4"><span class='ocrx_word' id='word_1_109' title='bbox 181 1102 213 1134; x_wconf 83' lang='lat'>2.</span> <span class='ocrx_word' id='word_1_110' title='bbox 240 1101 380 1133; x_wconf 88' lang='lat' dir='ltr'>Iubilans</span> <span class='ocrx_word' id='word_1_111' title='bbox 404 1102 437 1133; x_wconf 93' lang='lat' dir='ltr'>in</span> <span class='ocrx_word' id='word_1_112' title='bbox 458 1103 580 1134; x_wconf 89' lang='lat' dir='ltr'>laetitia</span> <span class='ocrx_word' id='word_1_113' title='bbox 1028 1101 1072 1128; x_wconf 82' lang='lat' dir='ltr'>Ad</span> <span class='ocrx_word' id='word_1_114' title='bbox 1091 1101 1266 1137; x_wconf 74' lang='lat' dir='ltr'>Magnificat.</span> 
     </span>
     <span class='ocr_line' id='line_1_24' title="bbox 284 1147 1329 1201; baseline -0.001 -11"><span class='ocrx_word' id='word_1_115' title='bbox 284 1147 418 1200; x_wconf 43' lang='lat' dir='ltr'>Do-mino</span> <span class='ocrx_word' id='word_1_116' title='bbox 443 1149 581 1201; x_wconf 48' lang='lat' dir='ltr'>SssrVJVJt)</span> <span class='ocrx_word' id='word_1_117' title='bbox 844 1161 881 1191; x_wconf 91' lang='lat' dir='ltr'>A.</span> <span class='ocrx_word' id='word_1_118' title='bbox 907 1157 1053 1190; x_wconf 73' lang='lat' dir='ltr'>Exsultat</span> <span class='ocrx_word' id='word_1_119' title='bbox 1079 1158 1177 1189; x_wconf 90' lang='lat' dir='ltr'>omnis</span> <span class='ocrx_word' id='word_1_120' title='bbox 1201 1159 1329 1196; x_wconf 87' lang='lat' dir='ltr'>spiritus</span> 
     </span>
     <span class='ocr_line' id='line_1_25' title="bbox 235 1193 1332 1246; baseline 0.003 -14"><span class='ocrx_word' id='word_1_121' title='bbox 235 1193 360 1225; x_wconf 66' lang='lat' dir='ltr'>eandm</span> <span class='ocrx_word' id='word_1_122' title='bbox 383 1194 569 1246; x_wconf 28' lang='lat' dir='ltr'>mq1t1p11lc1a</span> <span class='ocrx_word' id='word_1_123' title='bbox 912 1206 948 1236; x_wconf 88' lang='lat' dir='ltr'>In</span> <span class='ocrx_word' id='word_1_124' title='bbox 972 1204 1152 1237; x_wconf 79' lang='lat' dir='ltr'>Leonhardi</span> <span class='ocrx_word' id='word_1_125' title='bbox 1176 1205 1332 1243; x_wconf 74' lang='lat' dir='ltr'>laudibus,</span> 
     </span>
     <span class='ocr_line' id='line_1_26' title="bbox 282 1240 1324 1290; baseline 0.001 -10"><span class='ocrx_word' id='word_1_126' title='bbox 282 1240 400 1272; x_wconf 60' lang='lat' dir='ltr'><strong>Laetus</strong></span> <span class='ocrx_word' id='word_1_127' title='bbox 424 1243 578 1272; x_wconf 81' lang='lat' dir='ltr'>1ntro1v1t.</span> <span class='ocrx_word' id='word_1_128' title='bbox 914 1250 1006 1282; x_wconf 87' lang='lat' dir='ltr'>Cuius</span> <span class='ocrx_word' id='word_1_129' title='bbox 1031 1251 1156 1282; x_wconf 87' lang='lat' dir='ltr'>beatum</span> <span class='ocrx_word' id='word_1_130' title='bbox 1180 1251 1324 1290; x_wconf 88' lang='lat' dir='ltr'>spiritum</span> 
     </span>
     <span class='ocr_line' id='line_1_27' title="bbox 177 1295 1341 1337; baseline 0.001 -10"><span class='ocrx_word' id='word_1_131' title='bbox 177 1296 208 1327; x_wconf 87' lang='lat'>3.</span> <span class='ocrx_word' id='word_1_132' title='bbox 235 1295 391 1327; x_wconf 82' lang='lat' dir='ltr'>Adhaesit</span> <span class='ocrx_word' id='word_1_133' title='bbox 416 1295 519 1327; x_wconf 85' lang='lat' dir='ltr'>anima</span> <span class='ocrx_word' id='word_1_134' title='bbox 911 1297 963 1328; x_wconf 89' lang='lat' dir='ltr'>Ad</span> <span class='ocrx_word' id='word_1_135' title='bbox 986 1305 1154 1336; x_wconf 87' lang='lat' dir='ltr'>supernum</span> <span class='ocrx_word' id='word_1_136' title='bbox 1178 1297 1341 1337; x_wconf 81' lang='lat' dir='ltr'>collegium</span> 
     </span>
     <span class='ocr_line' id='line_1_28' title="bbox 282 1344 1320 1385; baseline 0.003 -14"><span class='ocrx_word' id='word_1_137' title='bbox 282 1350 351 1372; x_wconf 88' lang='lat' dir='ltr'>mea</span> <span class='ocrx_word' id='word_1_138' title='bbox 375 1344 448 1380; x_wconf 87' lang='lat' dir='ltr'>post</span> <span class='ocrx_word' id='word_1_139' title='bbox 471 1344 513 1380; x_wconf 82' lang='lat' dir='ltr'>te,</span> <span class='ocrx_word' id='word_1_140' title='bbox 912 1344 976 1374; x_wconf 86' lang='lat' dir='ltr'>lam</span> <span class='ocrx_word' id='word_1_141' title='bbox 1003 1344 1141 1385; x_wconf 84' lang='lat' dir='ltr'>evexisti,</span> <span class='ocrx_word' id='word_1_142' title='bbox 1169 1344 1320 1382; x_wconf 84' lang='lat' dir='ltr'>conditor,</span> 
     </span>
     <span class='ocr_line' id='line_1_29' title="bbox 234 1387 1449 1431; baseline 0.002 -13"><span class='ocrx_word' id='word_1_143' title='bbox 234 1387 278 1418; x_wconf 91' lang='lat' dir='ltr'>Et</span> <span class='ocrx_word' id='word_1_144' title='bbox 298 1390 343 1428; x_wconf 86' lang='lat' dir='ltr'>tu,</span> <span class='ocrx_word' id='word_1_145' title='bbox 369 1387 511 1426; x_wconf 87' lang='lat' dir='ltr'>Domine,</span> <span class='ocrx_word' id='word_1_146' title='bbox 909 1389 966 1427; x_wconf 78' lang='lat' dir='ltr'>Qui</span> <span class='ocrx_word' id='word_1_147' title='bbox 985 1390 1119 1420; x_wconf 88' lang='lat' dir='ltr'>clemens</span> <span class='ocrx_word' id='word_1_148' title='bbox 1136 1390 1235 1431; x_wconf 81' lang='lat' dir='ltr'>nobis,</span> <span class='ocrx_word' id='word_1_149' title='bbox 1254 1398 1449 1430; x_wconf 83' lang='lat' dir='ltr'>quaesumus,</span> 
     </span>
     <span class='ocr_line' id='line_1_30' title="bbox 281 1434 1291 1476; baseline 0.003 -12"><span class='ocrx_word' id='word_1_150' title='bbox 281 1434 447 1473; x_wconf 85' lang='lat' dir='ltr'>suscepisti</span> <span class='ocrx_word' id='word_1_151' title='bbox 470 1443 529 1467; x_wconf 89' lang='lat' dir='ltr'>me.</span> <span class='ocrx_word' id='word_1_152' title='bbox 907 1435 955 1466; x_wconf 89' lang='lat' dir='ltr'>Sit</span> <span class='ocrx_word' id='word_1_153' title='bbox 979 1436 1104 1467; x_wconf 85' lang='lat' dir='ltr'>adiutor</span> <span class='ocrx_word' id='word_1_154' title='bbox 1128 1436 1291 1476; x_wconf 88' lang='lat' dir='ltr'>propitius.</span> 
     </span>
    </p>
   </div>
   <div class='ocr_carea' id='block_1_7' title="bbox 162 1487 1457 2039">
    <p class='ocr_par' dir='ltr' id='par_1_8' title="bbox 163 1487 1454 1635">
     <span class='ocr_line' id='line_1_31' title="bbox 239 1487 1453 1526; baseline 0.001 -11"><span class='ocrx_word' id='word_1_155' title='bbox 239 1489 322 1516; x_wconf 85' lang='lat' dir='ltr'>Brev.</span> <span class='ocrx_word' id='word_1_156' title='bbox 343 1497 395 1515; x_wconf 87' lang='lat' dir='ltr'>ms.</span> <span class='ocrx_word' id='word_1_157' title='bbox 416 1489 590 1516; x_wconf 87' lang='lat' dir='ltr'>Pataviense</span> <span class='ocrx_word' id='word_1_158' title='bbox 609 1487 643 1523; x_wconf 82' lang='lat'>(?)</span> <span class='ocrx_word' id='word_1_159' title='bbox 663 1496 737 1515; x_wconf 83' lang='lat' dir='ltr'>saec.</span> <span class='ocrx_word' id='word_1_160' title='bbox 760 1488 803 1516; x_wconf 88' lang='lat'>15.</span> <span class='ocrx_word' id='word_1_161' title='bbox 836 1489 904 1516; x_wconf 84' lang='lat' dir='ltr'>Ood.</span> <span class='ocrx_word' id='word_1_162' title='bbox 925 1489 1027 1516; x_wconf 82' lang='lat' dir='ltr'>Scotor</span> <span class='ocrx_word' id='word_1_163' title='bbox 1040 1490 1202 1517; x_wconf 88' lang='lat' dir='ltr'>Vindobon.</span> <span class='ocrx_word' id='word_1_164' title='bbox 1228 1489 1261 1518; x_wconf 73' lang='lat'>50</span> <span class='ocrx_word' id='word_1_165' title='bbox 1284 1492 1301 1516; x_wconf 86' lang='lat' dir='ltr'>h</span> <span class='ocrx_word' id='word_1_166' title='bbox 1322 1499 1349 1526; x_wconf 84' lang='lat' dir='ltr'>g.</span> <span class='ocrx_word' id='word_1_167' title='bbox 1364 1491 1396 1518; x_wconf 95' lang='lat' dir='ltr'>A.</span> <span class='ocrx_word' id='word_1_168' title='bbox 1416 1507 1453 1510; x_wconf 96' lang='lat'><strong>—</strong></span> 
     </span>
     <span class='ocr_line' id='line_1_32' title="bbox 163 1524 1453 1556; baseline 0.001 -3"><span class='ocrx_word' id='word_1_169' title='bbox 163 1526 248 1553; x_wconf 88' lang='lat' dir='ltr'>Brev.</span> <span class='ocrx_word' id='word_1_170' title='bbox 276 1534 328 1553; x_wconf 83' lang='lat' dir='ltr'>ms.</span> <span class='ocrx_word' id='word_1_171' title='bbox 349 1526 523 1553; x_wconf 83' lang='lat' dir='ltr'>Pataviense</span> <span class='ocrx_word' id='word_1_172' title='bbox 549 1534 623 1553; x_wconf 85' lang='lat' dir='ltr'>saec.</span> <span class='ocrx_word' id='word_1_173' title='bbox 651 1524 693 1552; x_wconf 84' lang='lat'>14.</span> <span class='ocrx_word' id='word_1_174' title='bbox 734 1525 801 1553; x_wconf 85' lang='lat' dir='ltr'>Cod.</span> <span class='ocrx_word' id='word_1_175' title='bbox 821 1527 916 1553; x_wconf 87' lang='lat' dir='ltr'>Palat.</span> <span class='ocrx_word' id='word_1_176' title='bbox 941 1527 1142 1554; x_wconf 82' lang='lat' dir='ltr'>Vindobonen.</span> <span class='ocrx_word' id='word_1_177' title='bbox 1164 1525 1234 1554; x_wconf 80' lang='lat'>1891</span> <span class='ocrx_word' id='word_1_178' title='bbox 1258 1530 1287 1555; x_wconf 84' lang='lat' dir='ltr'>B.</span> <span class='ocrx_word' id='word_1_179' title='bbox 1308 1542 1344 1546; x_wconf 90' lang='lat'>—</span> <span class='ocrx_word' id='word_1_180' title='bbox 1373 1530 1453 1556; x_wconf 61' lang='grc' dir='ltr'>[ἐι-εν.</span> 
     </span>
     <span class='ocr_line' id='line_1_33' title="bbox 164 1562 1454 1599; baseline 0.002 -9"><span class='ocrx_word' id='word_1_181' title='bbox 164 1572 217 1590; x_wconf 80' lang='lat' dir='ltr'>ms.</span> <span class='ocrx_word' id='word_1_182' title='bbox 237 1563 444 1599; x_wconf 87' lang='lat' dir='ltr'>Aquilegiense</span> <span class='ocrx_word' id='word_1_183' title='bbox 464 1571 539 1590; x_wconf 83' lang='lat' dir='ltr'>saec.</span> <span class='ocrx_word' id='word_1_184' title='bbox 561 1562 603 1590; x_wconf 86' lang='lat'>15.</span> <span class='ocrx_word' id='word_1_185' title='bbox 644 1562 712 1590; x_wconf 87' lang='lat' dir='ltr'>Cod.</span> <span class='ocrx_word' id='word_1_186' title='bbox 734 1563 839 1590; x_wconf 86' lang='lat' dir='ltr'>Semin.</span> <span class='ocrx_word' id='word_1_187' title='bbox 862 1564 1010 1591; x_wconf 75' lang='lat' dir='ltr'>Brixinen.</span> <span class='ocrx_word' id='word_1_188' title='bbox 1032 1572 1054 1591; x_wconf 87' lang='lat' dir='ltr'>s.</span> <span class='ocrx_word' id='word_1_189' title='bbox 1074 1573 1102 1591; x_wconf 89' lang='lat' dir='ltr'>n.</span> <span class='ocrx_word' id='word_1_190' title='bbox 1124 1565 1154 1592; x_wconf 90' lang='lat' dir='ltr'>C.</span> <span class='ocrx_word' id='word_1_191' title='bbox 1174 1580 1210 1584; x_wconf 87' lang='lat'>—</span> <span class='ocrx_word' id='word_1_192' title='bbox 1237 1565 1305 1592; x_wconf 86' lang='lat' dir='ltr'>Cod.</span> <span class='ocrx_word' id='word_1_193' title='bbox 1326 1565 1344 1592; x_wconf 75' lang='lat' dir='ltr'>S</span> <span class='ocrx_word' id='word_1_194' title='bbox 1376 1566 1454 1593; x_wconf 85' lang='lat' dir='ltr'>Petri</span> 
     </span>
     <span class='ocr_line' id='line_1_34' title="bbox 163 1598 808 1635; baseline -0.002 -8"><span class='ocrx_word' id='word_1_195' title='bbox 163 1599 361 1635; x_wconf 70' lang='lat' dir='ltr'>Salisburgen.</span> <span class='ocrx_word' id='word_1_196' title='bbox 383 1608 400 1627; x_wconf 89' lang='lat' dir='ltr'>a</span> <span class='ocrx_word' id='word_1_197' title='bbox 420 1600 461 1627; x_wconf 84' lang='lat' dir='ltr'>VI</span> <span class='ocrx_word' id='word_1_198' title='bbox 481 1599 526 1627; x_wconf 87' lang='lat'>52.</span> <span class='ocrx_word' id='word_1_199' title='bbox 548 1608 622 1627; x_wconf 86' lang='lat' dir='ltr'>saec.</span> <span class='ocrx_word' id='word_1_200' title='bbox 648 1598 690 1627; x_wconf 80' lang='lat'>15.</span> <span class='ocrx_word' id='word_1_201' title='bbox 713 1601 749 1628; x_wconf 93' lang='lat' dir='ltr'>D.</span> <span class='ocrx_word' id='word_1_202' title='bbox 770 1615 808 1619; x_wconf 90' lang='lat'>—</span> 
     </span>
    </p>

    <p class='ocr_par' dir='ltr' id='par_1_9' title="bbox 162 1636 1457 1889">
     <span class='ocr_line' id='line_1_35' title="bbox 239 1636 1454 1674; baseline 0.002 -9"><span class='ocrx_word' id='word_1_203' title='bbox 239 1638 280 1665; x_wconf 90' lang='lat' dir='ltr'>In</span> <span class='ocrx_word' id='word_1_204' title='bbox 302 1636 326 1664; x_wconf 94' lang='lat'>1.</span> <span class='ocrx_word' id='word_1_205' title='bbox 346 1638 452 1673; x_wconf 87' lang='lat' dir='ltr'>Vesp.</span> <span class='ocrx_word' id='word_1_206' title='bbox 474 1636 520 1663; x_wconf 85' lang='lat' dir='ltr'>AA</span> <span class='ocrx_word' id='word_1_207' title='bbox 537 1638 628 1673; x_wconf 83' lang='lat' dir='ltr'>Super</span> <span class='ocrx_word' id='word_1_208' title='bbox 640 1637 689 1665; x_wconf 83' lang='lat' dir='ltr'>Ps.</span> <span class='ocrx_word' id='word_1_209' title='bbox 710 1640 739 1664; x_wconf 88' lang='lat' dir='ltr'>et</span> <span class='ocrx_word' id='word_1_210' title='bbox 758 1638 794 1664; x_wconf 84' lang='lat' dir='ltr'>ad</span> <span class='ocrx_word' id='word_1_211' title='bbox 807 1639 905 1673; x_wconf 83' lang='lat' dir='ltr'>Magn.</span> <span class='ocrx_word' id='word_1_212' title='bbox 925 1639 980 1665; x_wconf 87' lang='lat' dir='ltr'>wie</span> <span class='ocrx_word' id='word_1_213' title='bbox 999 1639 1039 1665; x_wconf 85' lang='lat' dir='ltr'>im</span> <span class='ocrx_word' id='word_1_214' title='bbox 1054 1638 1307 1674; x_wconf 85' lang='lat' dir='ltr'>vorhergehenden</span> <span class='ocrx_word' id='word_1_215' title='bbox 1322 1639 1454 1667; x_wconf 87' lang='lat' dir='ltr'>Officium</span> 
     </span>
     <span class='ocr_line' id='line_1_36' title="bbox 164 1674 1456 1711; baseline 0.002 -9"><span class='ocrx_word' id='word_1_216' title='bbox 164 1674 253 1710; x_wconf 81' lang='lat' dir='ltr'>ABG3</span> <span class='ocrx_word' id='word_1_217' title='bbox 273 1683 328 1701; x_wconf 89' lang='lat' dir='ltr'>nur</span> <span class='ocrx_word' id='word_1_218' title='bbox 347 1675 374 1702; x_wconf 92' lang='lat' dir='ltr'>D</span> <span class='ocrx_word' id='word_1_219' title='bbox 395 1675 486 1702; x_wconf 84' lang='lat' dir='ltr'>bietet</span> <span class='ocrx_word' id='word_1_220' title='bbox 505 1675 552 1702; x_wconf 86' lang='lat' dir='ltr'>die</span> <span class='ocrx_word' id='word_1_221' title='bbox 572 1675 677 1702; x_wconf 84' lang='lat' dir='ltr'>beiden</span> <span class='ocrx_word' id='word_1_222' title='bbox 698 1676 802 1711; x_wconf 81' lang='lat' dir='ltr'>obigen</span> <span class='ocrx_word' id='word_1_223' title='bbox 824 1674 870 1701; x_wconf 87' lang='lat' dir='ltr'>AA</span> <span class='ocrx_word' id='word_1_224' title='bbox 890 1676 927 1702; x_wconf 89' lang='lat' dir='ltr'>ad</span> <span class='ocrx_word' id='word_1_225' title='bbox 946 1676 1070 1702; x_wconf 88' lang='lat' dir='ltr'>libitum.</span> <span class='ocrx_word' id='word_1_226' title='bbox 1104 1675 1153 1703; x_wconf 85' lang='lat' dir='ltr'>Sie</span> <span class='ocrx_word' id='word_1_227' title='bbox 1173 1675 1238 1703; x_wconf 85' lang='lat' dir='ltr'>sind</span> <span class='ocrx_word' id='word_1_228' title='bbox 1257 1677 1289 1703; x_wconf 87' lang='lat' dir='ltr'>in</span> <span class='ocrx_word' id='word_1_229' title='bbox 1311 1677 1366 1704; x_wconf 89' lang='lat' dir='ltr'>den</span> <span class='ocrx_word' id='word_1_230' title='bbox 1379 1679 1456 1705; x_wconf 63' lang='lat' dir='ltr'>Text</span> 
     </span>
     <span class='ocr_line' id='line_1_37' title="bbox 162 1712 1452 1748; baseline 0.002 -9"><span class='ocrx_word' id='word_1_231' title='bbox 162 1712 382 1747; x_wconf 81' lang='lat' dir='ltr'>aufgenommen</span> <span class='ocrx_word' id='word_1_232' title='bbox 392 1721 443 1739; x_wconf 89' lang='lat' dir='ltr'>zur</span> <span class='ocrx_word' id='word_1_233' title='bbox 454 1712 612 1740; x_wconf 86' lang='lat' dir='ltr'>leichteren</span> <span class='ocrx_word' id='word_1_234' title='bbox 619 1713 870 1748; x_wconf 84' lang='lat' dir='ltr'>Unterscheidung</span> <span class='ocrx_word' id='word_1_235' title='bbox 880 1721 939 1740; x_wconf 88' lang='lat' dir='ltr'>von</span> <span class='ocrx_word' id='word_1_236' title='bbox 949 1713 999 1740; x_wconf 86' lang='lat' dir='ltr'>der</span> <span class='ocrx_word' id='word_1_237' title='bbox 1008 1713 1259 1748; x_wconf 81' lang='lat' dir='ltr'>vorhergehenden</span> <span class='ocrx_word' id='word_1_238' title='bbox 1270 1714 1409 1742; x_wconf 87' lang='lat' dir='ltr'>Historia.</span> <span class='ocrx_word' id='word_1_239' title='bbox 1434 1730 1452 1731; x_wconf 29' lang='lat' dir='ltr'><em>j</em></span> 
     </span>
     <span class='ocr_line' id='line_1_38' title="bbox 163 1748 1453 1785; baseline 0.003 -9"><span class='ocrx_word' id='word_1_240' title='bbox 163 1750 251 1777; x_wconf 87' lang='lat' dir='ltr'>Iuvit.</span> <span class='ocrx_word' id='word_1_241' title='bbox 280 1750 317 1776; x_wconf 88' lang='lat' dir='ltr'>ad</span> <span class='ocrx_word' id='word_1_242' title='bbox 342 1750 459 1777; x_wconf 89' lang='lat' dir='ltr'>libitum</span> <span class='ocrx_word' id='word_1_243' title='bbox 478 1751 535 1777; x_wconf 84' lang='lat' dir='ltr'>wie</span> <span class='ocrx_word' id='word_1_244' title='bbox 552 1751 594 1777; x_wconf 86' lang='lat' dir='ltr'>im</span> <span class='ocrx_word' id='word_1_245' title='bbox 612 1751 733 1785; x_wconf 83' lang='lat' dir='ltr'>vorigen</span> <span class='ocrx_word' id='word_1_246' title='bbox 753 1749 885 1777; x_wconf 88' lang='lat' dir='ltr'>Officium</span> <span class='ocrx_word' id='word_1_247' title='bbox 906 1751 941 1777; x_wconf 92' lang='lat' dir='ltr'>D.</span> <span class='ocrx_word' id='word_1_248' title='bbox 964 1764 998 1768; x_wconf 97' lang='lat'><strong>—</strong></span> <span class='ocrx_word' id='word_1_249' title='bbox 1017 1750 1058 1777; x_wconf 85' lang='lat' dir='ltr'>In</span> <span class='ocrx_word' id='word_1_250' title='bbox 1079 1748 1103 1777; x_wconf 92' lang='lat'>1.</span> <span class='ocrx_word' id='word_1_251' title='bbox 1123 1751 1226 1778; x_wconf 83' lang='lat' dir='ltr'>Noct.</span> <span class='ocrx_word' id='word_1_252' title='bbox 1247 1751 1282 1784; x_wconf 90' lang='lat' dir='ltr'>D,</span> <span class='ocrx_word' id='word_1_253' title='bbox 1304 1752 1355 1779; x_wconf 85' lang='lat' dir='ltr'>das</span> <span class='ocrx_word' id='word_1_254' title='bbox 1375 1762 1453 1780; x_wconf 90' lang='lat' dir='ltr'>mon-</span> 
     </span>
     <span class='ocr_line' id='line_1_39' title="bbox 163 1785 1457 1823; baseline 0.002 -9"><span class='ocrx_word' id='word_1_255' title='bbox 163 1787 288 1814; x_wconf 87' lang='lat' dir='ltr'>astische</span> <span class='ocrx_word' id='word_1_256' title='bbox 312 1787 399 1814; x_wconf 82' lang='lat' dir='ltr'>Form</span> <span class='ocrx_word' id='word_1_257' title='bbox 418 1788 515 1821; x_wconf 88' lang='lat' dir='ltr'>bietet,</span> <span class='ocrx_word' id='word_1_258' title='bbox 536 1787 588 1814; x_wconf 90' lang='lat' dir='ltr'>hat</span> <span class='ocrx_word' id='word_1_259' title='bbox 607 1787 688 1814; x_wconf 85' lang='lat' dir='ltr'>sechs</span> <span class='ocrx_word' id='word_1_260' title='bbox 712 1785 767 1820; x_wconf 83' lang='lat' dir='ltr'>AA,</span> <span class='ocrx_word' id='word_1_261' title='bbox 788 1796 847 1815; x_wconf 86' lang='lat' dir='ltr'>von</span> <span class='ocrx_word' id='word_1_262' title='bbox 867 1788 959 1815; x_wconf 86' lang='lat' dir='ltr'>denen</span> <span class='ocrx_word' id='word_1_263' title='bbox 978 1788 1025 1814; x_wconf 86' lang='lat' dir='ltr'>die</span> <span class='ocrx_word' id='word_1_264' title='bbox 1045 1788 1129 1815; x_wconf 77' lang='lat' dir='ltr'>letzte</span> <span class='ocrx_word' id='word_1_265' title='bbox 1148 1788 1310 1823; x_wconf 78' lang='lat' dir='ltr'>prosaisch3</span> <span class='ocrx_word' id='word_1_266' title='bbox 1332 1789 1379 1816; x_wconf 77' lang='lat' dir='ltr'>dic</span> <span class='ocrx_word' id='word_1_267' title='bbox 1392 1790 1457 1817; x_wconf 80' lang='lat' dir='ltr'>fiinf</span> 
     </span>
     <span class='ocr_line' id='line_1_40' title="bbox 164 1823 1454 1860; baseline 0.003 -9"><span class='ocrx_word' id='word_1_268' title='bbox 164 1824 334 1860; x_wconf 89' lang='lat' dir='ltr'>poetischen</span> <span class='ocrx_word' id='word_1_269' title='bbox 360 1824 427 1851; x_wconf 83' lang='lat' dir='ltr'>sind</span> <span class='ocrx_word' id='word_1_270' title='bbox 454 1824 512 1851; x_wconf 85' lang='lat' dir='ltr'>alle</span> <span class='ocrx_word' id='word_1_271' title='bbox 532 1824 650 1860; x_wconf 84' lang='lat' dir='ltr'>doppelt</span> <span class='ocrx_word' id='word_1_272' title='bbox 668 1824 718 1859; x_wconf 91' lang='lat' dir='ltr'>(im</span> <span class='ocrx_word' id='word_1_273' title='bbox 738 1833 849 1860; x_wconf 85' lang='lat' dir='ltr'>ganzen</span> <span class='ocrx_word' id='word_1_274' title='bbox 871 1823 905 1852; x_wconf 95' lang='lat'>10</span> <span class='ocrx_word' id='word_1_275' title='bbox 926 1823 996 1860; x_wconf 88' lang='lat' dir='ltr'>AA):</span> <span class='ocrx_word' id='word_1_276' title='bbox 1024 1823 1046 1850; x_wconf 89' lang='lat' dir='ltr'>A</span> <span class='ocrx_word' id='word_1_277' title='bbox 1070 1823 1112 1852; x_wconf 84' lang='lat' dir='ltr'>la</span> <span class='ocrx_word' id='word_1_278' title='bbox 1136 1825 1192 1852; x_wconf 87' lang='lat' dir='ltr'>Pro</span> <span class='ocrx_word' id='word_1_279' title='bbox 1212 1828 1262 1852; x_wconf 88' lang='lat' dir='ltr'>tuo</span> <span class='ocrx_word' id='word_1_280' title='bbox 1283 1830 1382 1854; x_wconf 84' lang='lat' dir='ltr'>sancto</span> <span class='ocrx_word' id='word_1_281' title='bbox 1404 1836 1454 1855; x_wconf 89' lang='lat' dir='ltr'>no-</span> 
     </span>
     <span class='ocr_line' id='line_1_41' title="bbox 164 1861 423 1889; baseline -0.004 -1"><span class='ocrx_word' id='word_1_282' title='bbox 164 1863 244 1889; x_wconf 88' lang='lat' dir='ltr'>mine</span> <span class='ocrx_word' id='word_1_283' title='bbox 265 1864 319 1889; x_wconf 82' lang='lat' dir='ltr'>etc.</span> <span class='ocrx_word' id='word_1_284' title='bbox 341 1861 423 1888; x_wconf 81' lang='lat' dir='ltr'>oder:</span> 
     </span>
    </p>

    <p class='ocr_par' dir='ltr' id='par_1_10' title="bbox 545 1897 1097 2039">
     <span class='ocr_line' id='line_1_42' title="bbox 545 1897 1025 1935; baseline 0.002 -10"><span class='ocrx_word' id='word_1_285' title='bbox 545 1897 596 1925; x_wconf 89' lang='lat' dir='ltr'>lb.</span> <span class='ocrx_word' id='word_1_286' title='bbox 617 1898 705 1926; x_wconf 80' lang='lat' dir='ltr'>Secus</span> <span class='ocrx_word' id='word_1_287' title='bbox 726 1899 862 1926; x_wconf 87' lang='lat' dir='ltr'>decursus</span> <span class='ocrx_word' id='word_1_288' title='bbox 884 1907 1025 1935; x_wconf 86' lang='lat' dir='ltr'>aquarum</span> 
     </span>
     <span class='ocr_line' id='line_1_43' title="bbox 614 1936 989 1969; baseline 0 -6"><span class='ocrx_word' id='word_1_289' title='bbox 614 1936 763 1963; x_wconf 89' lang='lat' dir='ltr'>Plantavit</span> <span class='ocrx_word' id='word_1_290' title='bbox 782 1936 893 1964; x_wconf 84' lang='lat' dir='ltr'>radices</span> <span class='ocrx_word' id='word_1_291' title='bbox 912 1936 989 1969; x_wconf 86' lang='lat' dir='ltr'>fidei,</span> 
     </span>
     <span class='ocr_line' id='line_1_44' title="bbox 614 1973 1079 2009; baseline 0.002 -9"><span class='ocrx_word' id='word_1_292' title='bbox 614 1973 650 2000; x_wconf 88' lang='lat' dir='ltr'>In</span> <span class='ocrx_word' id='word_1_293' title='bbox 669 1973 774 2009; x_wconf 88' lang='lat' dir='ltr'>quibus</span> <span class='ocrx_word' id='word_1_294' title='bbox 793 1973 905 2001; x_wconf 84' lang='lat' dir='ltr'>redolet</span> <span class='ocrx_word' id='word_1_295' title='bbox 922 1976 954 2001; x_wconf 76' lang='lat' dir='ltr'>ut</span> <span class='ocrx_word' id='word_1_296' title='bbox 973 1974 1079 2001; x_wconf 83' lang='lat' dir='ltr'>nardus</span> 
     </span>
     <span class='ocr_line' id='line_1_45' title="bbox 617 2011 1097 2039; baseline 0.002 -2"><span class='ocrx_word' id='word_1_297' title='bbox 617 2011 768 2038; x_wconf 83' lang='lat' dir='ltr'>Gonfessor</span> <span class='ocrx_word' id='word_1_298' title='bbox 788 2011 880 2038; x_wconf 88' lang='lat' dir='ltr'>almus</span> <span class='ocrx_word' id='word_1_299' title='bbox 900 2011 1097 2039; x_wconf 81' lang='lat' dir='ltr'>Leonhardus.</span> 
     </span>
    </p>
   </div>
   <div class='ocr_carea' id='block_1_8' title="bbox 164 2056 1458 2392">
    <p class='ocr_par' dir='ltr' id='par_1_11' title="bbox 164 2056 1458 2392">
     <span class='ocr_line' id='line_1_46' title="bbox 164 2056 1454 2094; baseline 0.002 -8"><span class='ocrx_word' id='word_1_300' title='bbox 164 2057 187 2085; x_wconf 99' lang='lat' dir='ltr'>A</span> <span class='ocrx_word' id='word_1_301' title='bbox 208 2056 255 2085; x_wconf 84' lang='lat' dir='ltr'>2a</span> <span class='ocrx_word' id='word_1_302' title='bbox 272 2059 379 2086; x_wconf 86' lang='lat' dir='ltr'>Beatus</span> <span class='ocrx_word' id='word_1_303' title='bbox 399 2067 466 2085; x_wconf 87' lang='lat' dir='ltr'>vere</span> <span class='ocrx_word' id='word_1_304' title='bbox 487 2059 603 2085; x_wconf 85' lang='lat' dir='ltr'>sanctus</span> <span class='ocrx_word' id='word_1_305' title='bbox 623 2059 680 2084; x_wconf 87' lang='lat' dir='ltr'>iste</span> <span class='ocrx_word' id='word_1_306' title='bbox 699 2059 752 2084; x_wconf 85' lang='lat' dir='ltr'>etc.</span> <span class='ocrx_word' id='word_1_307' title='bbox 790 2057 856 2092; x_wconf 86' lang='lat' dir='ltr'>Vgl.</span> <span class='ocrx_word' id='word_1_308' title='bbox 877 2058 928 2085; x_wconf 87' lang='lat' dir='ltr'>das</span> <span class='ocrx_word' id='word_1_309' title='bbox 946 2059 1048 2094; x_wconf 88' lang='lat' dir='ltr'>vorige</span> <span class='ocrx_word' id='word_1_310' title='bbox 1059 2057 1199 2085; x_wconf 89' lang='lat' dir='ltr'>Officium.</span> <span class='ocrx_word' id='word_1_311' title='bbox 1219 2075 1251 2079; x_wconf 89' lang='lat'><strong>—</strong></span> <span class='ocrx_word' id='word_1_312' title='bbox 1273 2057 1294 2085; x_wconf 97' lang='lat' dir='ltr'>A</span> <span class='ocrx_word' id='word_1_313' title='bbox 1315 2059 1357 2087; x_wconf 83' lang='lat' dir='ltr'>2b</span> <span class='ocrx_word' id='word_1_314' title='bbox 1371 2061 1454 2094; x_wconf 85' lang='lat' dir='ltr'>Ecce,</span> 
     </span>
     <span class='ocr_line' id='line_1_47' title="bbox 166 2092 1455 2131; baseline 0.002 -8"><span class='ocrx_word' id='word_1_315' title='bbox 166 2097 339 2123; x_wconf 83' lang='lat' dir='ltr'>constitutus</span> <span class='ocrx_word' id='word_1_316' title='bbox 367 2104 430 2123; x_wconf 88' lang='lat' dir='ltr'>sum</span> <span class='ocrx_word' id='word_1_317' title='bbox 457 2097 492 2124; x_wconf 90' lang='lat' dir='ltr'>ab</span> <span class='ocrx_word' id='word_1_318' title='bbox 520 2104 553 2122; x_wconf 87' lang='lat' dir='ltr'>eo</span> <span class='ocrx_word' id='word_1_319' title='bbox 574 2097 627 2122; x_wconf 84' lang='lat' dir='ltr'>etc.</span> <span class='ocrx_word' id='word_1_320' title='bbox 648 2109 684 2113; x_wconf 89' lang='lat'><strong>—</strong></span> <span class='ocrx_word' id='word_1_321' title='bbox 711 2092 733 2119; x_wconf 89' lang='lat' dir='ltr'>A</span> <span class='ocrx_word' id='word_1_322' title='bbox 756 2092 798 2121; x_wconf 88' lang='lat' dir='ltr'>3a</span> <span class='ocrx_word' id='word_1_323' title='bbox 819 2095 941 2128; x_wconf 86' lang='lat' dir='ltr'>Scitote,</span> <span class='ocrx_word' id='word_1_324' title='bbox 969 2097 1105 2131; x_wconf 89' lang='lat' dir='ltr'>quoniam</span> <span class='ocrx_word' id='word_1_325' title='bbox 1122 2096 1201 2123; x_wconf 88' lang='lat' dir='ltr'>Deus</span> <span class='ocrx_word' id='word_1_326' title='bbox 1223 2100 1353 2124; x_wconf 85' lang='lat' dir='ltr'>sanctum</span> <span class='ocrx_word' id='word_1_327' title='bbox 1372 2107 1455 2125; x_wconf 91' lang='lat' dir='ltr'>suum</span> 
     </span>
     <span class='ocr_line' id='line_1_48' title="bbox 164 2131 1454 2168; baseline 0.002 -8"><span class='ocrx_word' id='word_1_328' title='bbox 164 2133 369 2161; x_wconf 88' lang='lat' dir='ltr'>Leonhardum</span> <span class='ocrx_word' id='word_1_329' title='bbox 396 2132 563 2160; x_wconf 87' lang='lat' dir='ltr'>mirificavit</span> <span class='ocrx_word' id='word_1_330' title='bbox 586 2135 616 2160; x_wconf 88' lang='lat' dir='ltr'>et</span> <span class='ocrx_word' id='word_1_331' title='bbox 638 2131 823 2168; x_wconf 76' lang='lat' dir='ltr'>glorifieavit3</span> <span class='ocrx_word' id='word_1_332' title='bbox 853 2133 910 2168; x_wconf 88' lang='lat' dir='ltr'>vgl.</span> <span class='ocrx_word' id='word_1_333' title='bbox 936 2133 970 2160; x_wconf 88' lang='lat' dir='ltr'>In</span> <span class='ocrx_word' id='word_1_334' title='bbox 990 2131 1016 2159; x_wconf 82' lang='lat'>2.</span> <span class='ocrx_word' id='word_1_335' title='bbox 1038 2134 1120 2161; x_wconf 85' lang='lat' dir='ltr'>Noct.</span> <span class='ocrx_word' id='word_1_336' title='bbox 1141 2132 1163 2159; x_wconf 88' lang='lat' dir='ltr'>A</span> <span class='ocrx_word' id='word_1_337' title='bbox 1186 2132 1210 2160; x_wconf 88' lang='lat'>1.</span> <span class='ocrx_word' id='word_1_338' title='bbox 1240 2149 1273 2152; x_wconf 97' lang='lat'><strong>—</strong></span> <span class='ocrx_word' id='word_1_339' title='bbox 1302 2134 1323 2160; x_wconf 93' lang='lat' dir='ltr'>A</span> <span class='ocrx_word' id='word_1_340' title='bbox 1345 2133 1386 2162; x_wconf 61' lang='grc' dir='ltr'>Ἦ)</span> <span class='ocrx_word' id='word_1_341' title='bbox 1408 2137 1454 2163; x_wconf 89' lang='lat' dir='ltr'>In-</span> 
     </span>
     <span class='ocr_line' id='line_1_49' title="bbox 165 2169 1456 2205; baseline 0.002 -8"><span class='ocrx_word' id='word_1_342' title='bbox 165 2173 318 2198; x_wconf 84' lang='lat' dir='ltr'>vocantem</span> <span class='ocrx_word' id='word_1_343' title='bbox 337 2171 480 2198; x_wconf 86' lang='lat' dir='ltr'>Dominus</span> <span class='ocrx_word' id='word_1_344' title='bbox 507 2170 657 2198; x_wconf 85' lang='lat' dir='ltr'>exaudivit</span> <span class='ocrx_word' id='word_1_345' title='bbox 676 2171 743 2204; x_wconf 84' lang='lat' dir='ltr'>etc.;</span> <span class='ocrx_word' id='word_1_346' title='bbox 770 2169 827 2204; x_wconf 86' lang='lat' dir='ltr'>vgl.</span> <span class='ocrx_word' id='word_1_347' title='bbox 849 2169 900 2196; x_wconf 85' lang='lat' dir='ltr'>das</span> <span class='ocrx_word' id='word_1_348' title='bbox 919 2172 1019 2205; x_wconf 76' lang='lat' dir='ltr'>voi-ige</span> <span class='ocrx_word' id='word_1_349' title='bbox 1039 2169 1178 2198; x_wconf 78' lang='lat' dir='ltr'>Officium.</span> <span class='ocrx_word' id='word_1_350' title='bbox 1205 2187 1212 2190; x_wconf 99' lang='lat'>-</span> <span class='ocrx_word' id='word_1_351' title='bbox 1236 2187 1243 2191; x_wconf 94' lang='lat'>-</span> <span class='ocrx_word' id='word_1_352' title='bbox 1269 2172 1287 2197; x_wconf 86' lang='grc' dir='ltr'>Α</span> <span class='ocrx_word' id='word_1_353' title='bbox 1308 2171 1353 2199; x_wconf 82' lang='lat' dir='ltr'>4a</span> <span class='ocrx_word' id='word_1_354' title='bbox 1372 2173 1408 2200; x_wconf 90' lang='lat' dir='ltr'>In</span> <span class='ocrx_word' id='word_1_355' title='bbox 1427 2176 1456 2200; x_wconf 87' lang='lat' dir='ltr'>te</span> 
     </span>
     <span class='ocr_line' id='line_1_50' title="bbox 167 2204 1452 2244; baseline 0.002 -10"><span class='ocrx_word' id='word_1_356' title='bbox 167 2210 212 2235; x_wconf 88' lang='lat' dir='ltr'>est</span> <span class='ocrx_word' id='word_1_357' title='bbox 229 2207 407 2244; x_wconf 85' lang='lat' dir='ltr'>glorificatus</span> <span class='ocrx_word' id='word_1_358' title='bbox 428 2211 497 2243; x_wconf 79' lang='lat' dir='ltr'>etc.;</span> <span class='ocrx_word' id='word_1_359' title='bbox 519 2207 578 2243; x_wconf 86' lang='lat' dir='ltr'>vgl.</span> <span class='ocrx_word' id='word_1_360' title='bbox 599 2205 625 2234; x_wconf 87' lang='lat'>2.</span> <span class='ocrx_word' id='word_1_361' title='bbox 639 2207 721 2235; x_wconf 87' lang='lat' dir='ltr'>Noct.</span> <span class='ocrx_word' id='word_1_362' title='bbox 743 2205 765 2233; x_wconf 86' lang='lat' dir='ltr'>A</span> <span class='ocrx_word' id='word_1_363' title='bbox 779 2204 806 2232; x_wconf 83' lang='lat'>2.</span> <span class='ocrx_word' id='word_1_364' title='bbox 820 2222 857 2226; x_wconf 90' lang='lat'><strong>—</strong></span> <span class='ocrx_word' id='word_1_365' title='bbox 871 2205 893 2232; x_wconf 86' lang='lat' dir='ltr'>A</span> <span class='ocrx_word' id='word_1_366' title='bbox 907 2205 951 2234; x_wconf 89' lang='lat' dir='ltr'>4b</span> <span class='ocrx_word' id='word_1_367' title='bbox 971 2208 1069 2235; x_wconf 88' lang='lat' dir='ltr'>Verba</span> <span class='ocrx_word' id='word_1_368' title='bbox 1083 2216 1154 2242; x_wconf 86' lang='lat' dir='ltr'>mea,</span> <span class='ocrx_word' id='word_1_369' title='bbox 1179 2209 1282 2244; x_wconf 83' lang='lat' dir='ltr'>inquit,</span> <span class='ocrx_word' id='word_1_370' title='bbox 1304 2210 1371 2236; x_wconf 86' lang='lat' dir='ltr'>audi</span> <span class='ocrx_word' id='word_1_371' title='bbox 1386 2213 1452 2241; x_wconf 83' lang='lat' dir='ltr'>ete.;</span> 
     </span>
     <span class='ocr_line' id='line_1_51' title="bbox 165 2242 1452 2282; baseline 0.002 -10"><span class='ocrx_word' id='word_1_372' title='bbox 165 2246 224 2281; x_wconf 85' lang='lat' dir='ltr'>vgl.</span> <span class='ocrx_word' id='word_1_373' title='bbox 245 2245 296 2272; x_wconf 87' lang='lat' dir='ltr'>das</span> <span class='ocrx_word' id='word_1_374' title='bbox 316 2246 416 2280; x_wconf 87' lang='lat' dir='ltr'>vorige</span> <span class='ocrx_word' id='word_1_375' title='bbox 434 2244 576 2273; x_wconf 87' lang='lat' dir='ltr'>Officium.</span> <span class='ocrx_word' id='word_1_376' title='bbox 594 2261 631 2265; x_wconf 97' lang='lat'>—</span> <span class='ocrx_word' id='word_1_377' title='bbox 651 2243 673 2270; x_wconf 89' lang='lat' dir='ltr'>A</span> <span class='ocrx_word' id='word_1_378' title='bbox 694 2242 738 2271; x_wconf 84' lang='lat' dir='ltr'>5a</span> <span class='ocrx_word' id='word_1_379' title='bbox 755 2245 888 2277; x_wconf 87' lang='lat' dir='ltr'>Domine,</span> <span class='ocrx_word' id='word_1_380' title='bbox 911 2252 998 2280; x_wconf 88' lang='lat' dir='ltr'>quam</span> <span class='ocrx_word' id='word_1_381' title='bbox 1018 2245 1188 2273; x_wconf 82' lang='lat' dir='ltr'>admirabile</span> <span class='ocrx_word' id='word_1_382' title='bbox 1208 2249 1270 2280; x_wconf 63' lang='lat' dir='ltr'>etc„</span> <span class='ocrx_word' id='word_1_383' title='bbox 1290 2247 1347 2282; x_wconf 87' lang='lat' dir='ltr'>vgl.</span> <span class='ocrx_word' id='word_1_384' title='bbox 1369 2248 1452 2275; x_wconf 88' lang='lat' dir='ltr'>eben-</span> 
     </span>
     <span class='ocr_line' id='line_1_52' title="bbox 165 2280 1456 2319; baseline 0.002 -9"><span class='ocrx_word' id='word_1_385' title='bbox 165 2283 211 2310; x_wconf 85' lang='lat' dir='ltr'>da.</span> <span class='ocrx_word' id='word_1_386' title='bbox 232 2297 269 2301; x_wconf 98' lang='lat'><strong>—</strong></span> <span class='ocrx_word' id='word_1_387' title='bbox 296 2281 318 2308; x_wconf 88' lang='lat' dir='ltr'>A</span> <span class='ocrx_word' id='word_1_388' title='bbox 346 2280 389 2309; x_wconf 87' lang='lat' dir='ltr'>5b</span> <span class='ocrx_word' id='word_1_389' title='bbox 415 2283 527 2310; x_wconf 89' lang='lat' dir='ltr'>Nomen</span> <span class='ocrx_word' id='word_1_390' title='bbox 552 2284 634 2310; x_wconf 89' lang='lat' dir='ltr'>tuum</span> <span class='ocrx_word' id='word_1_391' title='bbox 659 2282 807 2309; x_wconf 87' lang='lat' dir='ltr'>laudabile</span> <span class='ocrx_word' id='word_1_392' title='bbox 833 2284 899 2317; x_wconf 66' lang='lat' dir='ltr'>ete,</span> <span class='ocrx_word' id='word_1_393' title='bbox 924 2282 1014 2318; x_wconf 84' lang='lat' dir='ltr'>vergl.</span> <span class='ocrx_word' id='word_1_394' title='bbox 1040 2281 1066 2309; x_wconf 85' lang='lat'>2.</span> <span class='ocrx_word' id='word_1_395' title='bbox 1086 2284 1168 2311; x_wconf 85' lang='lat' dir='ltr'>Noct.</span> <span class='ocrx_word' id='word_1_396' title='bbox 1191 2282 1213 2309; x_wconf 89' lang='lat' dir='ltr'>A</span> <span class='ocrx_word' id='word_1_397' title='bbox 1232 2282 1259 2311; x_wconf 86' lang='lat'>3.</span> <span class='ocrx_word' id='word_1_398' title='bbox 1283 2298 1320 2302; x_wconf 88' lang='lat'>—</span> <span class='ocrx_word' id='word_1_399' title='bbox 1347 2283 1369 2309; x_wconf 87' lang='lat' dir='ltr'>A</span> <span class='ocrx_word' id='word_1_400' title='bbox 1392 2283 1416 2319; x_wconf 86' lang='lat'>1,</span> <span class='ocrx_word' id='word_1_401' title='bbox 1436 2283 1456 2312; x_wconf 90' lang='lat'>4</span> 
     </span>
     <span class='ocr_line' id='line_1_53' title="bbox 164 2318 1457 2356; baseline 0.002 -9"><span class='ocrx_word' id='word_1_402' title='bbox 164 2320 249 2354; x_wconf 74' lang='lat' dir='ltr'>Quod</span> <span class='ocrx_word' id='word_1_403' title='bbox 269 2320 433 2355; x_wconf 84' lang='lat' dir='ltr'>frequenter</span> <span class='ocrx_word' id='word_1_404' title='bbox 452 2321 484 2348; x_wconf 91' lang='grc' dir='ltr'>Β.</span> <span class='ocrx_word' id='word_1_405' title='bbox 513 2336 549 2340; x_wconf 85' lang='lat'>--</span> <span class='ocrx_word' id='word_1_406' title='bbox 570 2319 591 2346; x_wconf 89' lang='lat' dir='ltr'>A</span> <span class='ocrx_word' id='word_1_407' title='bbox 612 2318 638 2354; x_wconf 80' lang='lat'>2,</span> <span class='ocrx_word' id='word_1_408' title='bbox 662 2319 676 2347; x_wconf 91' lang='lat'>1</span> <span class='ocrx_word' id='word_1_409' title='bbox 699 2319 763 2356; x_wconf 86' lang='lat' dir='ltr'>Ego</span> <span class='ocrx_word' id='word_1_410' title='bbox 785 2320 958 2346; x_wconf 86' lang='lat' dir='ltr'>constitutus</span> <span class='ocrx_word' id='word_1_411' title='bbox 979 2320 1061 2348; x_wconf 81' lang='lat' dir='ltr'>ABG.</span> <span class='ocrx_word' id='word_1_412' title='bbox 1082 2336 1115 2340; x_wconf 77' lang='lat'>—-</span> <span class='ocrx_word' id='word_1_413' title='bbox 1138 2320 1160 2347; x_wconf 88' lang='lat' dir='ltr'>A</span> <span class='ocrx_word' id='word_1_414' title='bbox 1184 2319 1210 2353; x_wconf 85' lang='lat'>3,</span> <span class='ocrx_word' id='word_1_415' title='bbox 1233 2320 1247 2348; x_wconf 92' lang='lat'>1</span> <span class='ocrx_word' id='word_1_416' title='bbox 1268 2321 1312 2348; x_wconf 86' lang='lat' dir='ltr'>Tu</span> <span class='ocrx_word' id='word_1_417' title='bbox 1331 2322 1457 2349; x_wconf 88' lang='lat' dir='ltr'>Domine</span> 
     </span>
     <span class='ocr_line' id='line_1_54' title="bbox 164 2355 1458 2392; baseline 0.001 -6"><span class='ocrx_word' id='word_1_418' title='bbox 164 2366 232 2386; x_wconf 86' lang='lat' dir='ltr'>mea</span> <span class='ocrx_word' id='word_1_419' title='bbox 250 2357 333 2386; x_wconf 81' lang='lat' dir='ltr'>ABG.</span> <span class='ocrx_word' id='word_1_420' title='bbox 356 2373 391 2377; x_wconf 94' lang='lat'>—</span> <span class='ocrx_word' id='word_1_421' title='bbox 412 2355 433 2384; x_wconf 79' lang='lat' dir='ltr'>R</span> <span class='ocrx_word' id='word_1_422' title='bbox 456 2356 485 2391; x_wconf 84' lang='lat'>1,</span> <span class='ocrx_word' id='word_1_423' title='bbox 514 2356 546 2385; x_wconf 92' lang='grc'>11</span> <span class='ocrx_word' id='word_1_424' title='bbox 566 2358 612 2385; x_wconf 86' lang='lat' dir='ltr'>Tu</span> <span class='ocrx_word' id='word_1_425' title='bbox 632 2359 690 2385; x_wconf 89' lang='lat' dir='ltr'>Dei</span> <span class='ocrx_word' id='word_1_426' title='bbox 709 2358 747 2385; x_wconf 68' lang='lat' dir='ltr'>D,</span> <span class='ocrx_word' id='word_1_427' title='bbox 768 2371 805 2375; x_wconf 91' lang='grc'>-</span> <span class='ocrx_word' id='word_1_428' title='bbox 825 2355 847 2383; x_wconf 87' lang='grc' dir='ltr'>Α</span> <span class='ocrx_word' id='word_1_429' title='bbox 867 2355 898 2391; x_wconf 84' lang='grc'>2,</span> <span class='ocrx_word' id='word_1_430' title='bbox 926 2355 941 2384; x_wconf 96' lang='grc'>1</span> <span class='ocrx_word' id='word_1_431' title='bbox 961 2365 1064 2392; x_wconf 86' lang='lat' dir='ltr'>praeeo</span> <span class='ocrx_word' id='word_1_432' title='bbox 1084 2359 1120 2385; x_wconf 93' lang='lat' dir='ltr'>D.</span> <span class='ocrx_word' id='word_1_433' title='bbox 1141 2374 1177 2378; x_wconf 89' lang='lat'><strong>—</strong></span> <span class='ocrx_word' id='word_1_434' title='bbox 1198 2357 1218 2384; x_wconf 82' lang='grc' dir='ltr'><strong>Β</strong></span> <span class='ocrx_word' id='word_1_435' title='bbox 1239 2356 1271 2392; x_wconf 82' lang='grc'>2,</span> <span class='ocrx_word' id='word_1_436' title='bbox 1297 2356 1314 2385; x_wconf 90' lang='grc'><strong><em>2</em></strong></span> <span class='ocrx_word' id='word_1_437' title='bbox 1337 2359 1458 2387; x_wconf 84' lang='lat' dir='ltr'>Crimini</span> 
     </span>
    </p>
   </div>
  </div>
 </body>
</html>
