1650 2542
753 136 1007 172 —218—

248 240 285 272 V.
315 238 407 270 Cuius
431 236 537 268 tumba
560 242 681 266 sacrum
979 228 1064 267 Ergo
1089 226 1169 259 votis
1191 225 1369 257 insistamus

362 282 448 316 fluxu
471 282 602 322 largitur
626 280 749 311 olivum.
1025 273 1086 305 iam
1109 272 1186 304 certi
1212 272 1251 303 de
1274 269 1424 312 praemio.

924 331 955 363 5.
980 329 1061 361 Dum
1086 328 1118 359 in
1143 329 1251 380 sancta
1275 324 1461 377 Katharim,

403 404 448 435 11¹
473 399 699 433 Laudibus·
981 375 1102 452 Μέἑίἳ
1122 372 1403 459 ἳέἒεξῗῑῶοῗέἶῗ

456 482 646 517 Antiphonae.
1027 476 1144 498 memor
1166 468 1231 497 esto
1255 464 1402 503 muneris,

261 543 291 574 1.
317 540 410 572 Plebs
432 539 533 571 fidens
557 538 616 569 hoo
640 537 788 568 sonemne
982 514 1070 552 QUOd
1094 512 1195 544 oranti
1219 510 1387 564 contulisti,

364 587 474 617 devote
498 583 648 622 suscipiat
1027 568 1098 599 51)θὸ
1122 560 1249 590 humanl
1273 565 1407 597 genens·

316 633 360 664 Et
382 632 415 663 in
436 630 545 662 laudes
570 628 766 661 Katharinae
1093 632 1138 659 Ad
1158 630 1342 659 Benedictus.

364 677 493 717 Virginis
516 674 670 716 prOfiOiat’
718 720 725 726 .
811 719 818 725 .
911 692 951 724 A.
980 689 1152 721 Benedicta
1176 688 1218 718 sit
1240 688 1391 717 immensa

319 724 403 763 Quae
425 732 481 776 nos
506 730 643 774 summae
666 722 820 751 maiestati
1028 735 1218 774 sempiterna
1241 733 1375 772 trinitas,

362 771 494 809 bemgne
523 768 675 800 ⁰⁰n⁰¹hat¹
982 783 1078 821 Quam
1103 780 1244 820 cognovit
1268 780 1351 809 inter
1374 780 1481 817 gentes

260 838 290 867 2.
318 835 397 867 Dum
421 834 545 866 offerret
569 841 643 864 suae
668 831 768 864 carnis
1028 827 1202 859 Katharina
1226 825 1379 865 perditas,

362 881 448 920 virgo
478 878 673 917 sacrificium,
982 875 1069 914 Quod
1093 882 1152 905 nec
1175 881 1267 903 sexus
1291 879 1350 902 nec
1373 869 1485 901 aetatis

316 928 427 959 Manus
454 926 585 957 mundas
610 925 650 955 ad
676 924 809 954 caeleste
1027 920 1144 952 amovit
1167 918 1332 958 fragilitas,

361 973 501 1012 pandens
526 970 744 1008 sanctuarium,
982 967 1044 998 Sed
1066 967 1185 998 honore
1208 964 1363 1004 passionis

318 1020 430 1050 Preces
454 1017 539 1049 fudit
560 1016 763 1055 interpellans
1029 1015 1077 1044 est
1099 1021 1157 1043 usa
1179 1010 1354 1050 virginitas,

364 1073 421 1104 pro
445 1064 544 1095 salute
567 1063 714 1102 gentium.

262 1132 294 1164 3.
318 1130 409 1161 Hanc
430 1128 574 1159 ancillam
598 1129 692 1166 tuam,
720 1125 853 1167 Christe,
1043 1106 1088 1138 In
1112 1106 1144 1137 2·
1170 1104 1197 1135 V
1207 1112 1225 1134 θ
1233 1112 1247 1134 S
1257 1112 1277 1142 P
1288 1111 1304 1134 e
1313 1111 1329 1133 r
1337 1103 1349 1133 i
1357 1110 1383 1135 S·

364 1174 543 1214 praevenito
567 1173 677 1214 gratia,
1097 1178 1142 1204 Ad
1160 1175 1336 1211 Magnificat.

321 1222 366 1254 Ut
388 1224 421 1251 te
443 1220 542 1272 Dfmm
566 1220 741 1270 invocffmus
912 1237 950 1268 A.
980 1234 1167 1268 Veneranda
1190 1232 1367 1265 Katharina

364 1276 432 1298 cum
457 1275 521 1318 eufs
544 1273 700 1317 memonffi
1027 1280 1212 1320 probatique
1235 1278 1349 1317 meriti,

317 1315 355 1346 In
380 1314 520 1345 adversas
543 1311 707 1342 hberatmx
982 1327 1065 1359 Cleri
1089 1326 1136 1357 tui
1159 1326 1327 1357 recordare

364 1360 469 1391 ViSitess
492 1357 640 1397 POteUffia.
1027 1373 1196 1412 populique
1219 1371 1348 1409 subditi,

260 1427 292 1457 4.
317 1425 386 1456 Vox
412 1424 450 1455 de
475 1422 568 1453 caelis
591 1421 623 1452 in
647 1420 808 1451 turbarum
983 1420 1028 1452 Ut
1051 1419 1103 1458 qui
1126 1419 1196 1457 lege
1219 1420 1418 1457 peccatorum

363 1472 411 1500 est
434 1469 541 1500 audita
564 1467 677 1506 medio,
1026 1468 1167 1496 tenemur
1190 1464 1354 1504 suppositi,

316 1517 383 1555 Qua
405 1515 538 1554 benigne
562 1512 760 1544 confirmatur
982 1512 1028 1543 Te
1050 1512 1177 1543 iuvante
1200 1511 1369 1542 solidemur

362 1561 484 1593 indulta
506 1560 627 1599 petitio,
1028 1558 1144 1589 virtute
1168 1557 1325 1596 paracliti.

320 1644 401 1671 Brev.
426 1651 478 1669 ms.
499 1642 686 1669 Atrebatense
713 1648 787 1667 saec.
812 1638 855 1667 13.
896 1639 962 1667 Cod.
989 1640 1081 1675 Capit.
1105 1639 1263 1666 Vercellen.
1290 1638 1403 1665 CLXX.
1430 1638 1463 1664 A.
1488 1652 1525 1656 —

247 1682 319 1708 Clm.
345 1681 494 1707 Monacen.
519 1677 567 1713 (ol.
590 1676 810 1711 Emmeramen.)
837 1675 931 1704 14926
954 1684 1028 1703 saec.
1050 1675 1092 1703 15.
1119 1677 1151 1703 B.
1178 1691 1213 1695 -—
1239 1677 1322 1703 Brev.
1346 1683 1398 1702 ms.
1420 1674 1525 1701 Bethu-

246 1720 345 1745 niense
369 1725 442 1744 saec.
464 1714 506 1743 16.
546 1715 613 1742 Cod.
636 1715 800 1741 Atrebaten.
826 1711 890 1741 884.
912 1713 942 1740 C.
968 1729 1003 1733 —
1028 1713 1145 1748 Antiph.
1174 1722 1225 1740 ms.
1244 1712 1432 1740 Trudonense
1456 1712 1523 1738 anni

248 1753 328 1782 1600.
367 1754 436 1780 Cod.
463 1752 600 1779 Leodien.
626 1749 688 1778 283.
714 1751 751 1777 D.
778 1765 815 1769 -—
839 1751 922 1777 Brev.
947 1750 976 1777 S.
995 1751 1108 1777 Mariae
1125 1750 1287 1777 Erfordien.
1312 1751 1380 1784 imp.
1405 1749 1524 1776 Numm-

247 1792 350 1826 bergae
371 1788 451 1817 1497.
470 1789 506 1816 E.
526 1804 562 1808 —
581 1790 664 1816 Brev.
684 1787 713 1815 S.
736 1787 867 1814 Severini
885 1787 1046 1814 Erfordien.
1067 1789 1135 1823 imp.
1153 1788 1324 1823 Magantiae
1344 1784 1425 1814 1518.
1444 1786 1477 1813 F.

321 1837 362 1864 In
383 1834 407 1862 1.
421 1836 520 1870 Vesp.
539 1835 572 1868 B,
593 1834 644 1861 das
663 1834 856 1861 monastische
870 1834 1007 1869 Ordnung
1025 1834 1076 1861 hat
1094 1834 1153 1861 und
1171 1833 1389 1868 unvollstandig
1408 1834 1455 1866 ist,
1475 1832 1527 1859 hat

248 1873 323 1901 nach
343 1873 392 1900 der
414 1871 437 1899 1.
458 1872 604 1907 Antiphon
624 1871 685 1898 drei
706 1872 823 1898 andere:

256 1928 282 1955 2.
302 1928 487 1957 Pulchritudo
507 1928 645 1963 virginea,
972 1926 1082 1954 Collum
1103 1928 1248 1954 submittit
1265 1927 1370 1962 gladio,

305 1966 445 1993 Columba
464 1963 570 1992 Christi
588 1965 689 1997 nitida,
970 1964 1063 1991 Orans
1083 1964 1133 1991 dat
1150 1965 1272 1999 gloriam
1292 1964 1363 1990 Deo.

303 2004 371 2036 Nos,
390 2002 560 2035 Katharina,
581 2002 709 2028 servulos

303 2040 361 2066 Fac
379 2039 501 2066 humiles
521 2041 550 2065 et
568 2038 741 2073 splendidos.
923 2037 950 2065 4.
970 2039 1114 2074 Exspecto
1134 2047 1185 2074 pro
1207 2041 1236 2065 te
1254 2037 1393 2072 gladium,

259 2084 285 2114 3.
305 2086 375 2112 Post
392 2085 518 2119 plurima
538 2085 681 2119 supplicia
969 2077 1005 2103 1¹1
1023 2076 1157 2111 paradiSO
1179 2076 1312 2118 SPil‘Jtum

304 2123 414 2156 Mart-y,-
434 2122 510 2148 alma
529 2118 712 2156 [Katharina]
972 2113 1090 2140 Colloca
1108 2113 1325 2147 pacatissmum

304 2160 348 2186 Ad
372 2158 570 2185 decollandum
589 2160 633 2185 est
651 2158 743 2192 ducta,
970 2150 1010 2176 Efi
1028 2150 1074 2176 fac
1092 2148 1317 2176 miseriGOffliam

304 2196 348 2223 Ad
368 2195 478 2222 caelum
498 2195 615 2222 tendens
635 2196 733 2222 oculos
970 2187 1064 2214 Meam
1084 2187 1234 2221 agentibus
1253 2187 1429 2213 mefflffl'iffln·

249 2252 270 2279 Α
286 2251 310 2285 5,
328 2251 344 2278 ’7
359 2259 401 2286 sq.
421 2250 515 2277 fehlen
528 2250 564 2276 E.
579 2264 614 2269 —
628 2250 673 2277 Ad
686 2251 782 2286 Magn.
797 2249 819 2277 Α
834 2252 913 2278 Voce
926 2251 1019 2278 cordis
1033 2253 1062 2277 et
1075 2252 1131 2277 oris
1146 2252 1199 2277 etc.
1213 2250 1272 2277 EF.
1287 2265 1323 2269 ——
1336 2251 1377 2278 In
1393 2249 1416 2278 1.
1431 2252 1529 2278 Noct.

250 2289 271 2316 Α
298 2287 323 2322 3,
345 2287 360 2315 1
380 2288 456 2315 Dum
474 2287 508 2313 A.
534 2301 572 2305 —
596 2285 618 2312 Α
638 2286 655 2314 5
680 2289 827 2323 prosaisch
847 2290 878 2316 B.
905 2304 941 2307 —
971 2286 990 2314 Β
1014 2286 1036 2321 1,
1057 2285 1075 2314 8
1100 2288 1210 2314 meritis
1230 2288 1264 2314 de
1284 2288 1418 2323 dogmate
1436 2288 1471 2315 Ε.
1492 2303 1528 2307 -

248 2328 289 2354 In
313 2324 339 2352 2.
365 2325 462 2352 Noct.
492 2323 514 2350 Α
539 2322 565 2357 2,
585 2323 604 2351 4
632 2325 701 2352 facti
734 2328 801 2352 sunt
833 2325 979 2352 indecores
1010 2325 1046 2351 E.
1076 2339 1112 2343 —
1146 2323 1165 2350 Β
1193 2322 1219 2357 3,
1242 2323 1259 2351 2
1293 2325 1406 2352 occulta
1430 2325 1466 2353 E.
1493 2340 1529 2344 —

247 2365 290 2392 In
308 2361 334 2391 3.
351 2363 450 2391 Noct.
469 2362 514 2389 Ad
529 2362 609 2389 Cant.
624 2362 646 2388 Α
667 2363 777 2397 Martyr
796 2363 931 2390 amabilis
950 2361 1152 2397 insuperabilis
1173 2364 1226 2389 etc.
1242 2363 1273 2388 B.
1293 2377 1330 2381 —-
1352 2361 1372 2389 Β
1390 2361 1410 2389 4
1429 2363 1529 2399 Surge,
