1650 2542
761 140 805 145 —
855 121 1015 155 256—

266 215 357 241 saneti
370 212 469 241 Livini
489 210 621 240 meu-ice“
642 221 696 239 nur
709 212 869 247 folgendes:
889 213 1101 244 mutatorium,
1122 211 1169 238 die
1187 208 1205 238 3
1225 208 1272 237 ΑΑ
1296 211 1346 237 der
1359 212 1454 252 ersten
1467 209 1542 236 Noe-

264 253 338 283 tmn,
358 251 413 278 den
428 251 509 277 Vers.
530 250 579 277 des
599 252 693 276 ersten
709 247 743 283 R3
764 246 787 275 Α
808 248 825 275 2
842 249 902 275 und
920 247 937 276 3
958 249 1007 276 der
1027 246 1053 274 2.
1066 249 1165 282 Noet.;
1192 246 1214 274 Α
1237 246 1251 275 1
1273 248 1323 275 der
1342 246 1449 273 dntten
1467 245 1543 272 Noe-

264 292 336 320 turn,
358 287 412 314 den
432 287 512 314 Vers.
534 287 583 314 des
603 287 721 313 zweiten
743 284 763 311 R
784 286 834 313 der
854 284 880 312 2.
900 286 991 318 Noet„
1012 285 1060 312 die
1078 285 1165 312 dritta
1178 283 1200 311 Α
1215 286 1266 313 der
1278 285 1385 311 dritten
1403 283 1542 316 Nocturn,

263 323 377 351 endlieh
396 324 442 352 die
461 323 483 349 Α
506 324 541 351 ad
560 324 678 358 Magnis.
699 323 748 350 der
768 324 887 349 zweiten
908 323 1026 357 Vesper.
1046 337 1083 341 —
1103 322 1251 357 Hymnen:
1278 322 1401 349 Laetum
1426 328 1543 347 carmen

262 360 428 388 decantetur
446 361 471 387 A
490 360 583 395 (Anal.
597 360 647 392 IV,
663 358 739 395 183);
760 360 907 394 Hymnum
921 366 1057 386 canamus
1071 359 1182 395 gloriae
1194 360 1217 387 B
1230 358 1324 393 (Anal.
1337 358 1404 391 XII,
1421 355 1492 390 156).
1506 371 1543 375 -

264 399 322 424 Das
342 398 441 425 Leben
467 398 517 424 des
542 397 580 423 hl.
602 397 722 423 Livinus
742 397 854 423 sehrieb
875 396 1051 432 Bonifatius3
1082 405 1112 423 es
1134 398 1174 423 ist
1191 396 1273 423 nicht
1295 394 1541 431 ausgeschlossen‚

261 433 322 461 dass
343 443 373 462 er
393 435 466 461 auch
487 433 636 460 Verfasser
655 433 705 460 des
725 433 871 461 Officiums
892 435 938 461 ist.

680 523 726 553 89.
759 523 802 553 De
823 523 928 554 saneto
948 522 1105 554 Lubentio.

402 591 443 622 In
474 592 502 623 1.
528 591 740 630 vesperis,

470 682 660 718 Antiphonae.

272 755 302 787 1.
328 755 410 787 Laus
435 758 475 788 sit
498 758 564 796 regi
587 757 714 797 glofiae,

327 802 385 840 Qui
409 803 532 834 beatum
556 804 649 835 hodie

326 849 379 879 Ad
403 850 481 880 caeli
505 850 655 888 palatim

329 895 460 928 Voeavit
481 895 678 928 Lubentium.

271 950 301 981 2.
330 948 410 980 Vere
434 950 533 990 dignis
557 950 702 982 laudibus

328 995 447 1027 Colitur
469 996 651 1036 Lubentius,

329 1041 424 1079 Quem
446 1042 564 1074 locavit
586 1042 736 1074 Dominus

327 1088 365 1118 In
389 1091 564 1119 sanctorum
590 1089 738 1121 coetibus.

271 1142 300 1173 3.
327 1142 459 1185 Laudes,
487 1152 562 1182 quas
586 1143 740 1175 offerimus

326 1188 449 1219 Nostiis
470 1198 528 1228 pro
553 1190 699 1232 reatibus,

326 1235 469 1266 Immolet
492 1235 663 1267 Lubentius

325 1280 399 1311 Tuis
422 1281 455 1311 in
477 1282 662 1320 aspectibus.

269 1335 300 1365 4.
326 1334 516 1367 Tutercessor
539 1337 591 1367 hie
615 1336 773 1368 confessor

370 1380 486 1412 Noster
509 1383 551 1413 sit
571 1382 683 1422 fidelis,

326 1426 391 1458 Nos
417 1430 573 1459 consortes
597 1429 779 1468 gaudiorum

323 1473 513 1511 Angelorum
537 1478 567 1505 et
589 1478 764 1506 sanctorum

367 1518 500 1551 Faciens
523 1521 556 1552 in
581 1521 683 1555 caelis,

267 1574 297 1605 5.
323 1573 438 1605 Beatus
461 1575 633 1606 Lubentius

321 1620 380 1651 Pro
404 1620 493 1651 nobis
517 1620 708 1661 frequentius

366 1667 515 1698 Precibus
540 1671 655 1710 exoret,

321 1712 367 1743 Ut
391 1715 497 1744 exutos
523 1714 605 1744 vitiis

320 1757 385 1789 Nos
410 1758 550 1790 Christus
575 1760 693 1791 deliciis

366 1804 503 1836 Caelitus
532 1808 666 1838 coronet.

425 1896 471 1923 Ad
491 1896 667 1931 Magnificat-

245 1970 284 2001 A.
318 1970 342 2002 O
368 1970 460 2002 beata
484 1972 596 2012 contio,

315 2016 400 2055 Quae
423 2017 456 2048 in
479 2017 540 2049 Dei
564 2017 628 2049 filio

362 2062 414 2093 Sic
438 2072 469 2094 es
497 2064 651 2104 decorata,

316 2108 379 2139 Per
403 2111 566 2148 patronum
591 2110 732 2142 inolitum

313 2154 444 2186 Beatum
467 2154 653 2188 Lubentium

363 2200 499 2232 Caelitus
525 2203 641 2243 dotata,

317 2248 400 2279 Vere
424 2248 506 2281 iuste
530 2251 564 2279 tu
588 2249 723 2292 laetaris,

313 2294 397 2332 Quae
421 2295 598 2326 thesaurum
622 2305 717 2335 super
740 2306 849 2330 aurum

316 2339 389 2371 Rite
412 2342 580 2374 veneraris

1057 592 1117 623 Ad
1141 592 1406 624 Matutinum.

1130 674 1343 701 Invitatorium.

995 730 1108 761 Venite
1131 730 1296 761 adoremus
1321 730 1497 772 Dominum,

995 777 1054 814 Qui
1078 776 1172 808 hodie
1196 779 1337 808 sanctum

995 822 1165 855 Decoravit
1187 823 1386 855 Lubentium.

1056 962 1099 993 In
1127 962 1157 995 1.
1184 961 1409 994 Nocturno.

1132 1044 1323 1078 Antiphonae.

959 1134 966 1142 .
992 1109 1017 1141 O
1041 1109 1185 1151 Lubenti,
1210 1109 1377 1148 presbyter

1037 1155 1171 1186 Domino
1198 1155 1321 1194 dilecte,

991 1201 1038 1232 Tu
1062 1202 1103 1232 ad
1128 1202 1207 1232 caeli
1232 1201 1350 1241 regiam

1037 1247 1146 1278 duetus
1171 1256 1204 1278 es
1230 1248 1357 1280 directe.

956 1335 963 1342 .
990 1311 1053 1344 Ubi
1080 1320 1149 1343 cum
1172 1312 1328 1343 caelicolis

1036 1358 1097 1389 rite
1121 1358 1265 1397 gloriaris

988 1403 1032 1434 Et
1054 1404 1087 1435 in
1111 1404 1205 1435 terris
1229 1404 1352 1435 miseris

1036 1450 1171 1490 compati
1195 1450 1350 1489 probaris.

953 1536 960 1543 .
985 1513 1034 1544 Tu
1056 1514 1090 1545 in
1113 1515 1206 1546 terris
1230 1515 1351 1554 positus

1034 1560 1066 1591 in
1089 1560 1148 1591 Dei
1171 1562 1288 1593 virtute

986 1606 1031 1637 Es
1055 1606 1191 1638 imbutus
1215 1608 1355 1649 caelitus,

1033 1662 1116 1684 nunc
1141 1654 1279 1686 exsultas
1302 1657 1378 1688 tute.

1124 1752 1327 1790 Responsoria.

950 1842 958 1850 .
984 1818 1099 1850 Beatus
1122 1819 1295 1852 Lubentius

985 1864 1054 1896 Suis
1078 1875 1098 1897 a
1120 1867 1303 1905 parentibus

1031 1911 1169 1943 Martino
1193 1913 1326 1953 oblatus,

986 1957 1081 1989 Sacro
1107 1959 1147 1989 de
1173 1959 1363 1998 baptismate

985 2004 1035 2035 Ab
1062 2005 1171 2036 eodem
1194 2006 1341 2044 praesule

1031 2050 1165 2082 Exstitit
1188 2052 1317 2090 levatus,

943 2122 951 2129 .
981 2097 1077 2135 Quem
1102 2099 1236 2128 amatum
1260 2097 1390 2129 nimium

985 2142 1163 2181 Spiritalem
1187 2142 1285 2174 filium

1030 2188 1097 2219 Sibi
1121 2188 1292 2228 adoptavit.

952 2279 958 2286 .
982 2252 1140 2284 Martinus
1164 2251 1353 2286 infantulum

983 2297 1130 2330 Pontifex
1153 2298 1342 2332 Lubentium

1028 2345 1078 2376 De
1102 2343 1189 2376 fonte
1213 2349 1390 2387 susceptum
