1650 2542
642 131 868 166 —49—

188 226 315 265 Nosque
339 235 444 258 serves
468 226 501 257 in
525 226 584 258 hac
609 227 660 258 die

237 272 287 304 Ab
311 273 428 304 insultu
452 276 650 312 peccatorum

852 225 1054 257 Ambulemus
1078 226 1112 254 ut
1135 224 1168 255 in
1194 224 1245 255 die

898 273 960 304 Per
983 269 1155 310 profectum
1180 270 1370 301 meritorum.

194 337 279 363 Brev.
300 337 461 364 Romanum
481 338 548 372 imp.
568 337 692 364 Parisiis
714 334 794 364 1531.
813 350 850 355 —
869 336 904 363 In
925 333 950 361 2.
972 335 1053 362 Noct.
1075 333 1095 360 R
1116 332 1148 367 2,
1168 333 1185 360 7
1207 336 1235 361 te
1253 334 1332 361 fehlt.
1352 349 1362 353 -

117 374 151 400 In
170 371 200 401 3.
220 374 305 401 Noct.
326 371 346 399 R
368 371 393 406 2,
416 371 433 401 3
454 373 628 401 consulatur.
649 388 684 392 -
704 374 840 408 Hymnen
858 382 895 399 zu
914 373 1021 399 diesem
1041 371 1188 399 Officium:
1215 371 1390 398 Veneremur

113 411 280 438 Gabrielem
299 412 462 446 vespertino
487 413 614 445 tempore
639 409 685 443 (ad
709 411 795 445 Vesp.
822 414 850 438 et
872 408 973 444 Noet),
1002 409 1183 437 Gaudeamus
1212 408 1389 444 gratulantes

112 447 160 481 (ad
179 447 320 482 Laudes);
340 448 424 475 Anal.
444 447 556 475 xxm.
576 448 626 475 Nr.
647 446 702 475 298
720 448 779 474 und
799 445 863 475 299.

550 536 591 568 15,
619 538 662 568 De
682 539 787 568 saneto
811 535 963 568 Gabriele.

240 607 285 638 In
314 608 344 640 1.
370 607 588 646 Vesperis.

324 689 514 725 Antiphonae.

127 766 156 798 1.
182 765 283 796 Adest
308 768 429 805 tempus
454 766 676 805 vespertinum,

231 812 297 851 Qua
322 811 450 843 Gabriel
474 812 621 843 salutavit

185 858 355 897 Virginem,
381 859 512 890 verbum
538 857 676 889 divinum

230 903 349 934 Ferens
373 912 439 934 eam
464 903 643 934 illustravit.

123 979 155 1009 2.
179 977 257 1009 Alta
282 977 365 1008 salus
392 977 464 1008 dum
487 977 640 1018 virginem

229 1023 359 1062 Turbat,
383 1023 438 1054 ille
459 1024 560 1064 ipsam
586 1024 691 1055 docet.

181 1069 242 1100 Dei
265 1069 365 1108 patris
389 1070 555 1109 imaginem

227 1115 375 1147 Sanctum
391 1124 527 1155 pneuma
537 1116 570 1147 in
583 1117 615 1146 te
629 1116 719 1148 locet.

124 1192 154 1223 3.
180 1191 422 1222 Praecursorem
447 1190 487 1221 de
510 1190 610 1221 sterili

226 1236 427 1269 Nasciturum
450 1236 612 1277 nuntiasti,

178 1283 371 1316 Salvatorem
397 1283 436 1314 de
459 1283 568 1315 humili

223 1329 453 1361 incarnandum
479 1329 657 1369 designasti.

118 1405 150 1436 4.
176 1404 268 1435 Mens
293 1404 420 1443 virginis
449 1404 521 1435 dum
545 1404 676 1435 inclinat

221 1450 261 1482 Se
285 1450 326 1481 ad
350 1450 447 1481 verba
472 1449 637 1492 Gabrielis,

177 1496 313 1528 Verbum
337 1496 437 1535 patris
461 1499 536 1528 tunc
560 1496 693 1528 reclinat

217 1544 254 1575 In
279 1546 402 1574 uterum
426 1551 460 1574 se
487 1542 526 1574 de
551 1543 655 1577 caelis.

116 1620 147 1650 5.
173 1617 272 1648 Videt
294 1617 382 1657 virgo
409 1617 592 1657 dignissima

219 1663 260 1695 Se
284 1663 425 1695 effectam
445 1663 509 1695 'Dei
532 1666 673 1702 matrem,

168 1710 306 1752 Plaudit,
332 1710 441 1742 laudat
463 1710 660 1742 sanctissima

215 1756 391 1789 Maiestatis
416 1766 553 1789 summae
578 1760 711 1797 patrem.

277 1858 325 1885 Ad
343 1858 518 1895 Magnificat.

100 1936 140 1967 A.
168 1934 270 1974 Salve,
299 1934 418 1967 Christi

214 1990 328 2021 praeco
355 1982 543 2022 dignissime,

168 2029 281 2060 Preces
305 2027 382 2060 offer

213 2075 308 2107 matri
331 2075 501 2117 piissimae,

168 2122 222 2154 Ad
246 2122 306 2154 hoc
329 2125 436 2154 noster

213 2168 334 2210 aspirat
357 2170 486 2210 animus,

166 2216 212 2249 Ut
235 2216 339 2248 deleat

212 2263 305 2303 mala,
331 2271 410 2302 quae
434 2262 573 2304 fecimus,

164 2310 209 2342 Et
234 2310 287 2342 det
310 2309 402 2350 bona,

215 2365 295 2397 quae
318 2364 441 2396 semper
462 2358 611 2397 cupimus,

153 2416 272 2442 Dreves.
287 2413 405 2440 Historiae
418 2415 571 2444 rhythmicae.
600 2416 639 2441 VI.

915 605 975 636 Ad
999 605 1259 640 Matutinum.

984 678 1193 706 Invitatorium.

851 735 880 766 It
904 734 1033 766 Gabriel
1057 735 1097 766 ad
1123 735 1272 775 virginem

896 780 1015 812 Novam
1041 781 1171 813 salutem
1196 781 1369 821 proferens,

849 826 908 858 Dei
934 827 1033 866 patris
1057 827 1222 868 imaginem

897 873 992 912 Virgo
1019 874 1103 912 capit
1127 877 1157 905 et
1181 873 1218 905 fit
1240 883 1364 913 parens,

907 965 952 996 In
977 965 1008 997 1.
1031 964 1257 999 NocturnO.

987 1037 1178 1072 Antiphonae.

818 1118 825 1125 .
849 1093 1011 1125 Trinitatis
1037 1095 1166 1126 consilio

893 1140 988 1171 Venit
1022 1149 1135 1179 praeco
1159 1142 1201 1173 ad
1224 1142 1386 1183 vlrginem,

846 1185 906 1217 Dei
931 1185 1013 1217 freta
1037 1187 1153 1219 auxilio

892 1233 969 1264 Eius
995 1234 1080 1272 capit
1101 1234 1276 1273 imaginem,

813 1314 818 1321 .
846 1288 934 1319 Tunc
959 1287 1087 1319 Gabriel
1110 1289 1263 1321 indicavit

891 1334 1018 1366 Domini
1041 1335 1112 1366 Iesu
1138 1339 1331 1377 conceptum,

843 1380 919 1412 Cum
944 1381 1057 1420 virgini
1081 1382 1278 1420 praedicavit

890 1427 1021 1459 Aeterni
1045 1428 1126 1468 regis
1148 1432 1359 1468 praeceptum.

810 1507 818 1515 .
845 1483 960 1514 Sancte
984 1482 1069 1514 Deus
1092 1484 1254 1522 mirabilis,

887 1529 1047 1560 Diminute
1071 1530 1109 1561 ab
1135 1531 1265 1570 angelis,

840 1575 931 1614 Veni,
959 1576 1177 1608 desiderabilis

887 1621 972 1653 Deus
997 1626 1029 1654 et
1051 1623 1142 1655 homo
1166 1624 1301 1655 humilis.

973 1695 1176 1731 Responsoria.

804 1777 811 1784 .
837 1752 929 1783 Pacis
955 1760 1048 1784 causa

885 1798 970 1830 venit
993 1797 1222 1841 reformandae,

839 1844 948 1877 Solvat
971 1846 1114 1878 Christus

884 1892 1019 1931 pretium
1044 1894 1204 1936 emendae,

838 1937 910 1970 Non
934 1938 975 1970 sit
998 1941 1102 1971 terror

882 1985 949 2016 irae
974 1988 1225 2028 contremendae,

838 2031 901 2064 Sed
923 2031 1014 2064 fi1ma
1038 2042 1111 2073 spes

883 2079 993 2112 veniae
1017 2080 1187 2114 habendae.

797 2150 805 2158 .
834 2126 882 2157 Tu
905 2125 1010 2158 baiule

882 2181 1020 2205 summae
1044 2174 1237 2215 clementiae,

833 2219 977 2251 Summae
1000 2221 1102 2252 laudis

881 2269 913 2298 et
935 2267 1149 2311 excellentiae,

835 2313 891 2345 Sta
913 2322 971 2353 pro
996 2314 1086 2346 nobis

879 2360 912 2391 in
937 2361 1031 2393 caelis
1055 2362 1160 2395 hodie.
