1650 2542
680 114 931 149 —255—

360 200 417 227 Res
421 203 567 236 ponsoria.

172 254 200 286 1.
227 255 413 294 Ingrediens
437 262 563 291 sanctus
589 261 711 293 domum

276 303 416 342 paralysi
440 304 612 338 laborantis

230 347 359 379 Nullum
383 353 511 388 praeter
534 353 670 392 linguam

274 403 400 426 movere
423 398 563 429 membra
587 400 719 433 valentis

230 440 339 482 Surge,
365 442 418 480 ait,
449 443 539 475 homo
564 448 595 476 et

277 496 388 526 aquam
412 490 488 520 mihi
512 492 638 531 porrige
661 493 753 527 lasso,

900 210 1039 249 Angelus
1064 210 1243 242 haerentem

948 257 1066 288 solatur
1090 259 1122 287 et
1145 256 1193 287 ire
1214 257 1378 289 nolentem.

867 366 874 373 .
900 341 999 379 Vade,
1025 340 1079 383 ait,
1105 340 1276 379 Anglorum
1301 343 1333 371 et

947 389 1053 417 manet
1072 387 1174 418 insula
1196 385 1432 427 glorificandum

900 434 947 464 Te
970 441 1027 471 per
1052 441 1120 464 eum
1140 441 1254 473 regem,

948 479 996 509 cui
1013 480 1122 519 servis,
1146 482 1256 510 cuncta
1275 481 1442 518 regentem.

159 532 198 563 V.
229 532 373 565 Surrexit
395 544 497 577 sanus,
523 539 689 569 nescientis

231 579 380 611 Meritum
405 584 570 621 praevenit
594 585 703 617 virtus.

171 635 202 666 2.
230 633 361 667 Gemma
382 637 452 677 Dei,

272 685 394 722 martyr
417 683 539 724 Livine,

227 727 304 759 Flos
330 730 482 773 caelestis,

276 776 329 806 lux
353 777 487 815 patriae,
843 786 874 817 4.
899 784 1014 815 Anima
1037 784 1111 814 iusti

227 820 395 853 Liberator
418 823 611 863 magnificus,
947 830 986 861 ab
1011 830 1129 869 angelis
1153 835 1299 869 suscepta

274 869 472 907 pereuntium
498 878 658 901 servorum
902 876 1099 915 videntibus,
1125 876 1177 915 qui
1201 877 1343 916 aderant,

229 913 313 945 Offer
338 915 447 946 laudes
472 916 555 947 intra
579 926 716 948 summae
945 923 977 953 in
1004 922 1122 953 caelum
1147 924 1194 953 est
1220 923 1342 962 delata3

274 960 401 999 pietat-is
426 963 607 1002 sacrarium,
898 968 986 999 Mors
1011 971 1186 999 sanctorum

158 1006 196 1037 V.
227 1007 285 1046 Qui
309 1016 404 1047 super
426 1017 514 1040 mare
537 1009 633 1049 pedes
945 1023 962 1045 o
987 1023 1077 1053 quam
1101 1014 1247 1052 pretiosa.

227 1053 410 1093 Cucurristi,

225 1099 270 1130 Et
292 1098 455 1139 naufragio
479 1101 684 1139 pereuntium.
842 1097 872 1128 5.
900 1095 1095 1128 Concurrunt
1117 1095 1227 1128 fideles
1252 1105 1372 1135 quoque

168 1156 201 1186 3.
229 1154 253 1185 Ο
278 1163 416 1186 summae
440 1156 564 1186 virtutis
588 1159 755 1194 auctorem,
898 1142 985 1173 Inter
1009 1142 1292 1195 qu9⁵,Gr²³}Ph¹ld¹S

224 1200 361 1232 Incisam
385 1202 468 1232 servi
492 1202 629 1241 linguam
902 1188 977 1220 cum
1002 1188 1135 1229 Br1⁰⁰1⁰²
1160 1198 1192 1220 Π]
1217 1188 1304 1219 fonte

226 1245 337 1278 Officio
362 1247 588 1286 restituentem,
897 1235 993 1273 Quem
1018 1237 1143 1287 ‚sanetus
1167 1237 1287 1273 martyr

225 1292 268 1323 Et
293 1293 434 1324 videntes
459 1294 532 1333 igne
557 1294 684 1325 caelesti
897 1280 1041 1319 Suscepit
1068 1282 1107 1312 de
1130 1284 1237 1312 sancto
1262 1280 1357 1315 fonte.

225 1338 334 1370 Subito
361 1342 609 1371 consumentem!

225 1384 350 1427 Sancte,
372 1390 504 1426 martyr,
523 1389 630 1418 averte
645 1396 770 1418 saevam

224 1431 318 1463 Tanti
341 1432 455 1464 iudicis
479 1433 558 1465 iram
583 1434 745 1475 ultricem3

153 1477 192 1508 V.
222 1478 289 1509 Iam
313 1481 448 1510 tortores
826 1484 865 1514 A.
897 1483 1056 1514 Pretiosus
1080 1484 1199 1515 athleta

271 1521 357 1567 [urit]
382 1525 463 1565 ignis
487 1526 657 1567 gehennae,
942 1529 1069 1561 Domini
1092 1530 1221 1561 Livinus

223 1572 266 1603 Et
290 1574 322 1602 te
350 1575 530 1603 coronatum
896 1576 1002 1608 Matre
1025 1584 1175 1616 seorsum,
1201 1578 1257 1608 sed
1282 1575 1346 1608 filio

271 1618 408 1649 delectat
430 1619 532 1658 gloria
556 1619 648 1652 vitae.
941 1631 1046 1654 secum
1069 1623 1171 1661 posito

896 1669 933 1700 In
958 1669 1027 1701 loco
1053 1670 1188 1710 sepulcri

942 1716 1036 1747 hodie
1059 1716 1214 1755 tripudiat

895 1762 1046 1794 Felieiter
1069 1763 1101 1794 in
1126 1762 1321 1803 caelestibus,

943 1818 1011 1840 cum
1036 1809 1147 1849 quibus

894 1854 1018 1887 Laudat
1042 1856 1142 1887 Deum
1169 1859 1200 1887 et
1225 1856 1318 1888 dicit:

941 1902 1129 1934 Benedictus
1153 1903 1238 1934 Deus
1263 1903 1370 1934 Israel.

844 564 874 595 3.
900 562 993 602 Ecce,
1020 563 1066 593 tui
1091 563 1202 594 ductor

946 618 1013 640 sum
1037 609 1148 640 missus
1172 617 1231 640 nec
1254 609 1403 646 veniator,

900 654 972 686 Non
995 655 1220 694 percuncteris,

946 709 1003 739 per
1018 701 1174 733 Christum
1191 710 1261 732 nam
1278 700 1442 740 gradieris.

1008 1408 1055 1436 Ad
1073 1409 1255 1437 Benedictus.

313 1722 359 1753 In
384 1720 611 1755 Laudibus,

368 1794 561 1830 Antiphonae.

163 1850 194 1883 1.
222 1850 397 1882 Sollicitum
421 1852 504 1883 curis

265 1897 411 1930 Livinum
435 1898 589 1938 religiosis

222 1985 306 2012 Brev.
334 1994 387 2013 ms.
414 1985 618 2021 Burghusense
641 1994 714 2013 saec.
748 1985 790 2014 15.
817 1988 888 2016 Glm.
912 1989 1062 2016 Monacen.
1090 1988 1172 2017 5246.
1194 1990 1227 2017 A.
1251 2004 1285 2009 —
1305 1990 1389 2017 Brev.
1410 1990 1439 2018 S.

145 2022 273 2050 Servatii
296 2024 457 2050 Traiecten.
484 2024 552 2059 imp.
579 2023 718 2050 Coloniae
744 2023 821 2052 1503.
849 2027 880 2053 B.
907 2041 944 2045 —
968 2027 1082 2054 Novale
1108 2027 1279 2055 Sanctorum
1298 2030 1372 2055 auct.
1397 2028 1439 2055 Io.

147 2060 315 2088 Gielemans
342 2069 417 2088 saec.
448 2059 489 2088 15.
534 2061 602 2088 Cod.
623 2058 697 2088 9363
717 2061 767 2088 der
783 2062 812 2088 k.
832 2072 860 2090 11.
880 2063 908 2090 k.
929 2064 1324 2093 Fidei-Comiss-Bibliothek
1342 2066 1440 2092 Wien-

147 2097 176 2124 G.
196 2112 234 2117 —
252 2098 293 2124 In
315 2096 339 2125 1.
353 2098 459 2134 Vesp.
479 2098 531 2125 hat
549 2099 572 2125 B
598 2107 653 2124 nur
673 2099 737 2125 eine
756 2097 778 2124 A
799 2108 885 2136 super
897 2101 960 2128 Ps.:
982 2102 1102 2129 Gemma
1115 2103 1180 2136 Dei,
1201 2105 1310 2138 martyr
1323 2103 1437 2135 Livine,

148 2137 201 2162 etc.
224 2135 270 2162 bis
289 2144 355 2162 zum
375 2135 410 2162 V.
432 2150 468 2155 ——
487 2136 529 2163 In
551 2134 575 2162 1.
594 2136 696 2163 Noct.
717 2133 740 2162 A
763 2134 786 2169 1,
807 2135 825 2163 2
846 2138 941 2165 infans
962 2140 994 2165 in
1014 2141 1080 2166 actu
1093 2140 1218 2167 Livinus
1238 2140 1273 2167 A.
1287 2154 1323 2158 —
1343 2138 1365 2165 A
1380 2138 1406 2173 2,
1423 2138 1438 2166 1

145 2173 260 2199 viscera
278 2172 337 2199 AB.
365 2187 400 2191 —-
426 2174 468 2200 In
493 2171 521 2200 2.
546 2174 647 2200 Noct.
673 2171 696 2198 A
719 2171 750 2206 2,
770 2172 789 2200 4
812 2174 887 2202 desit
904 2176 961 2202 AB.
990 2192 1025 2195 —
1052 2175 1074 2202 A
1097 2175 1128 2210 3,
1151 2176 1164 2205 1
1192 2178 1321 2205 Dextera
1344 2177 1377 2204 B.
1404 2191 1440 2195 ——

145 2209 186 2237 In
208 2206 235 2236 3.
256 2209 358 2236 Noct.
379 2208 401 2235 A
422 2208 453 2244 2,
480 2208 497 2236 2
526 2211 636 2238 cunetis
665 2211 747 2237 invia
774 2211 867 2239 silvae
896 2212 992 2240 fehlen
1011 2214 1045 2240 A.
1066 2230 1102 2234 -—
1122 2213 1144 2240 A
1165 2213 1195 2248 2,
1221 2213 1239 2243 3
1259 2215 1332 2242 fehlt
1349 2214 1383 2241 A.
1403 2230 1440 2234 ——

147 2244 167 2272 R
197 2244 215 2274 3
235 2246 309 2273 fehlt
326 2246 364 2279 B,
392 2247 476 2274 dafiir
495 2249 543 2275 ein
561 2247 752 2283 prosaisches.
773 2263 810 2266 —
831 2247 851 2274 R
872 2247 905 2283 3,
930 2248 948 2277 8
967 2250 1040 2277 fehlt
1059 2252 1134 2280 wohl
1159 2253 1206 2280 ein
1226 2253 1376 2284 Zeitwort,
1403 2252 1440 2279 da

146 2284 209 2311 sich
229 2283 355 2311 delectat
374 2284 447 2312 doch
468 2286 550 2314 nicht
567 2285 645 2313 wohl
664 2286 717 2312 auf
732 2286 809 2320 ignis
830 2287 978 2322 gehennae
999 2288 1140 2317 beziehen
1160 2290 1241 2317 lisst.
1263 2303 1298 2307 —
1320 2286 1341 2314 A
1362 2287 1394 2321 2,
1425 2287 1439 2315 1

147 2321 315 2358 angelorum
330 2321 362 2348 A.
381 2335 413 2339 ——
427 2322 469 2349 In
489 2323 598 2350 Laud.
619 2321 638 2348 A
655 2322 668 2350 1
692 2323 798 2350 Anima
816 2324 887 2351 iusti
907 2327 959 2351 etc.
972 2325 1010 2359 Β;
1032 2326 1109 2354 dann
1125 2327 1222 2361 fulgen
1241 2327 1303 2353 vier
1317 2324 1373 2359 AA,
1394 2326 1441 2353 die

147 2359 218 2387 aber
244 2358 309 2386 dem
327 2359 462 2394 Hymnus
489 2362 671 2388 entnommen
691 2360 763 2388 sind.
783 2374 820 2379 —
840 2361 863 2390 C
886 2362 938 2390 hat
956 2365 1040 2391 unter
1062 2364 1112 2393 der
1132 2364 1294 2392 Aufsehrift
1315 2364 1439 2400 „Cursus
