1650 2542
652 140 881 175 -67-

191 234 331 266 Pastoris
356 235 476 266 aeterni
499 236 558 267 Dei

191 280 252 312 Suo
275 281 456 320 praeposuit
480 282 576 322 gregi,

126 327 164 359 V.
194 327 273 365 Quia
296 326 505 366 glorificantes
527 336 561 359 se

194 372 363 406 Consuevit
387 373 572 413 glorificare.

133 430 164 462 3.
191 429 215 461 O
242 429 317 460 celsi
341 429 445 460 meriti
468 429 569 460 virum

187 475 232 506 Et
255 476 430 514 praesulem
454 475 522 508 Deo
548 475 683 516 dignum,

189 520 282 553 Cuius
306 521 425 553 obferri
448 521 566 553 visibus

190 567 332 607 Nequam
356 567 471 607 refugit
492 569 639 609 spiritus3

151 640 158 647 .
189 614 251 645 Vas
270 614 460 657 relinquens,
479 615 561 653 quod
578 614 728 654 possedit,

189 660 242 692 Ad
265 669 377 692 nomen
402 661 467 692 eius
490 661 626 692 tremuit.

249 772 295 803 In
320 773 350 804 2.
376 772 596 805 Nocturno.

327 845 519 880 Antiphonae.

156 925 163 932 .
188 902 226 932 In
251 900 518 932 benedictionibus

187 946 262 978 Tuis
286 947 385 977 iustus
408 947 593 986 recognitus,

184 992 336 1024 Laetatur
358 993 392 1024 in
415 995 455 1035 te,
482 993 624 1032 Domine,

185 1039 298 1070 Nitens
325 1048 439 1071 corona
462 1039 591 1078 gloriae.

154 1117 161 1125 .
186 1093 235 1124 Tu
257 1093 343 1125 Deus
368 1094 572 1134 admirabilis,

188 1139 279 1171 Omni
303 1142 406 1171 terrae
428 1140 607 1179 laudabilis,

183 1185 250 1216 Tuo
274 1186 450 1225 praelatum
474 1186 563 1225 operi

182 1231 283 1271 Super
307 1233 408 1264 caelos
434 1233 589 1266 exaltasti.

152 1313 160 1320 .
184 1287 247 1318 Hic
271 1288 385 1318 etenim
408 1290 512 1319 rectus
536 1288 639 1327 corde,

181 1333 347 1366 Confidens
370 1334 403 1365 in
427 1336 468 1373 te,
494 1334 635 1374 Domine,

182 1379 325 1411 Montem
349 1380 474 1411 virtutis
499 1381 640 1412 ascendit

180 1426 224 1457 Et
247 1427 435 1466 aequitatem
460 1427 581 1458 dilexit.

314 1500 517 1535 Responsoria.

150 1581 157 1588 .
182 1555 304 1587 Partim
328 1556 487 1595 leprosum
510 1565 641 1596 puerum

179 1601 223 1633 Et
246 1602 362 1641 partim
385 1603 582 1641 paraliticum

182 1648 296 1680 Vivens
321 1648 424 1680 adhuc
446 1649 479 1680 in
505 1658 636 1690 corpore

181 1695 311 1727 Curavit
334 1693 477 1734 pontifex
500 1697 561 1727 iste

140 1765 147 1773 .
177 1741 221 1773 Et
243 1740 437 1773 infirmantes
461 1743 566 1774 oculos

178 1788 240 1820 Per
264 1788 446 1820 benedictos
470 1787 625 1822 flosculos.

145 1869 152 1876 .
179 1844 242 1875 Hic
265 1844 415 1876 transitus
439 1845 489 1875 sui
512 1845 603 1888 diem,

181 1890 248 1923 Sibi
274 1890 525 1931 desiderabilem,

178 1936 287 1977 Longe
310 1937 399 1976 prius
423 1938 630 1976 praedixerat

178 1983 310 2023 Suisque
334 1984 544 2025 nuntiaverat,

137 2058 145 2065 ‚
177 2030 231 2062 Sui
254 2030 373 2063 laboris
397 2032 573 2070 terminum,

178 2077 239 2108 Per
262 2077 407 2118 spiritum
431 2079 661 2118 propheticum.

142 2158 150 2166 .
174 2133 339 2165 Diuturnis
362 2134 565 2173 languoribus

177 2179 362 2212 Contractus
388 2180 514 2219 quidam
539 2181 674 2213 rusticus

177 2226 278 2258 Huius
302 2226 404 2258 sancti
426 2227 587 2268 pontificis

179 2272 313 2305 Curatus
339 2276 387 2305 est
410 2273 566 2315 suffragiis

136 2346 142 2353 .
175 2320 333 2359 Alterque
358 2329 431 2351 casu
456 2324 603 2354 contusus

177 2366 291 2399 Trabis
317 2368 349 2397 et
373 2367 564 2399 debilitatus.

801 571 832 602 2.

916 236 961 268 In
987 237 1018 269 3.
1044 235 1271 267 Nocturno.

1001 308 1194 344 Antiphonae.

827 391 834 399 .
858 367 903 398 Te
928 366 1019 397 decet
1040 365 1181 408 hymnus,
1207 365 1351 407 Domine,

857 412 949 444 Cuius
972 412 1088 443 electus
1108 420 1236 443 munere

858 459 989 491 Sanctus
1015 457 1219 490 Godehardus
1243 458 1305 489 tuis

857 505 1018 537 Inhabitat
1037 505 1069 535 in
1094 505 1193 538 atriis,

858 570 925 602 Iam
949 569 1026 601 felix
1051 578 1119 600 cum
1142 569 1259 600 sanctis
1281 569 1342 600 tuis

859 614 1020 655 Supernae
1045 616 1153 647 domus
1176 615 1288 647 incolis

858 662 903 693 Te
928 662 1084 693 collaudat
1106 670 1210 701 regem
1234 670 1341 701 regum

857 709 895 740 In
919 708 1045 740 saecula
1064 708 1266 740 saeculorum.

856 772 919 804 Hic
941 773 1029 805 velut
1050 773 1156 812 palma
1178 771 1284 804 floruit

856 820 900 851 Et
925 821 958 850 ut
982 819 1093 850 cedrus
1120 819 1253 859 emicuit,

855 865 946 896 Nunc
969 865 1215 904 transplantatus
1240 866 1365 898 caelicis

853 911 963 942 Floret
987 920 1119 942 vernans
1143 911 1176 942 in
1200 912 1299 944 atriis.

985 1003 1187 1037 Responsoria.

817 1092 824 1100 .
851 1069 975 1107 Pauper
999 1068 1124 1107 quidam
1148 1069 1308 1107 puerulus,

848 1114 922 1146 Fini
945 1114 1030 1145 vitae
1051 1114 1114 1145 iam
1138 1114 1308 1155 prom'mus,

849 1161 912 1192 Per
934 1161 1025 1192 huius
1049 1161 1150 1192 sancti
1171 1162 1319 1193 meritum

850 1207 992 1239 Obtinuit
1015 1207 1196 1247 remedium,

847 1254 958 1285 Puella
982 1262 1103 1292 quoque
1125 1262 1183 1292 per
1208 1256 1321 1286 cuncta

848 1299 953 1331 Paene
974 1299 1114 1331 membra
1137 1303 1346 1338 praemortua.

813 1388 819 1394 .
847 1363 963 1395 Caecus
988 1363 1115 1403 quidam
1141 1364 1289 1396 diaconus

850 1410 903 1442 Ad
927 1410 1065 1441 tumbam
1089 1411 1243 1450 praesulis
1268 1411 1359 1443 huius

850 1456 910 1487 Per
935 1456 1000 1487 eius
1025 1457 1234 1496 patrocinium

847 1503 1005 1534 Amissum
1026 1504 1147 1543 recepit
1167 1504 1268 1536 visum

778 1550 817 1581 V.
842 1549 966 1588 Diuque
988 1558 1080 1581 caeca
1103 1549 1220 1582 femina

791 1662 823 1694 3.

847 1596 909 1628 Per
933 1596 998 1627 eius
1025 1597 1110 1628 clara
1133 1597 1256 1629 merita.

848 1661 933 1693 Laus
956 1662 986 1692 et
1010 1661 1120 1701 honor,
1146 1662 1281 1700 Christe,

895 1707 952 1738 tibi
977 1707 1085 1739 vivens
1109 1708 1159 1739 vir
1182 1708 1244 1740 fuit
1265 1710 1336 1747 istc,

848 1753 944 1792 Quem
969 1754 1119 1794 dilexisti,

893 1808 951 1839 per
975 1809 1066 1840 quem
1089 1801 1148 1833 tibi
1165 1803 1390 1842 complacuisti,

846 1847 909 1879 Hic
932 1847 1118 1888 sublimasti,

894 1896 967 1932 post
974 1894 1053 1925 haec
1062 1904 1156 1934 super
1165 1898 1252 1927 astra
1259 1896 1372 1928 locasti
1382 1906 1391 1939 3

844 1940 989 1972 Iustitiae
1012 1950 1092 1973 zona

894 1987 1014 2019 cinctus
1039 1988 1214 2028 meritaque
1240 1997 1365 2023 corona.

933 2101 948 2132 I
958 2109 979 2131 n
1004 2100 1032 2132 L
1040 2110 1088 2133 au
1098 2101 1138 2134 di
1147 2101 1168 2133 b
1177 2111 1198 2133 u
1208 2109 1233 2134 s.

986 2173 1181 2210 Antiphonae.

813 2255 819 2261 .
846 2230 959 2262 Sedem
983 2231 1072 2263 Deus
1097 2241 1116 2262 a.
1139 2233 1265 2264 saeculo

844 2278 1050 2317 Praeparavit
1074 2281 1182 2310 sancto
1207 2288 1273 2320 suo,

848 2324 945 2362 Quem
969 2325 1042 2356 dum
1067 2325 1184 2358 virtute
1205 2327 1393 2369 praecinxit,

845 2371 1014 2402 Excelsum
1038 2372 1191 2404 decorans
1216 2371 1301 2408 fecit.

1184 2425 1227 2454 5*
