1650 2542
729 148 981 184 —275—

284 230 347 262 Sed
371 232 577 268 nobilioribus

282 276 420 309 Refulsit
442 281 592 325 moribus,

280 323 395 355 Adhuc
418 328 567 364 puerulus
593 331 718 364 deitatis

279 369 417 402 Effectus
443 375 490 403 est
515 375 616 407 cultor
638 379 790 421 sublimis,

239 437 247 445 .
277 415 379 448 Tanto
405 417 576 452 feliciorem

326 471 360 493 se
384 464 521 502 probans
547 470 579 498 et
602 470 794 506 nobiliorem.

244 540 251 547 .
277 517 340 548 Hic
365 519 452 551 dives
477 523 583 554 mundi

323 565 457 603 proiecit
483 568 586 601 dulcia
610 574 728 613 mundi,

277 610 449 649 Propterea
473 616 587 647 meruit

322 658 456 697 adipisci
481 662 595 700 gaudia
619 665 718 708 caeli3

207 701 245 732 V.
276 703 381 735 Parva
404 706 529 744 quidem
554 711 679 742 terrena
703 715 801 755 putat,

319 751 467 783 caelestia
492 757 606 793 captat.

333 889 378 920 In
403 892 433 923 2.
460 891 687 927 Nocturno.

411 974 604 1010 Antiphonae.

214 1038 229 1068 1
236 1061 243 1068 .
271 1038 399 1071 Phoebo
424 1042 621 1080 splendidior

312 1086 454 1126 rutilans,
481 1089 645 1121 mitissime
669 1095 782 1139 rector,

265 1131 350 1162 Ante
374 1133 460 1171 pium
486 1134 653 1176 Christum,

310 1179 460 1210 mundum
481 1181 535 1219 qui
552 1183 693 1214 condidit
707 1184 809 1217 istum.

209 1232 239 1264 2.
265 1232 353 1264 Dans
380 1237 559 1267 constanter
584 1246 676 1276 opem

308 1279 527 1319 languentibus
551 1286 645 1323 atque
665 1285 807 1326 salutem,

261 1324 286 1356 Ο
312 1328 490 1359 venerande
515 1337 627 1370 comes,

308 1380 458 1405 conserva
480 1377 513 1405 te
536 1380 730 1410 venerantes.

205 1427 235 1459 3.
263 1426 398 1471 Caelica,
425 1428 560 1471 Christe,
585 1433 647 1463 tuis

307 1474 360 1513 qui
372 1478 515 1514 praestas
527 1479 668 1517 praemia
677 1482 803 1521 sanctis,

884 246 921 278 V.

895 349 926 381 2.

879 1272 909 1303 2.

952 247 1130 281 Patrocinio
1157 260 1229 291 ergo
1254 253 1347 285 huius

953 293 1018 325 Nos
1042 296 1143 328 iuvari
1167 306 1259 336 posse
1284 301 1449 335 credimus,

951 349 1014 380 Hic
1036 353 1175 390 prudens
1203 381 1419 390 .......

952 396 1071 428 Obtulit
1096 399 1254 441 ecclesiae,

951 442 1009 480 Qui
1033 452 1067 475 se
1088 445 1155 476 Deo
1179 447 1334 488 primitus,

948 489 1063 521 Postea
1085 500 1141 522 sua
1165 495 1365 535 contradidit,

948 534 1067 574 Corpus
1091 541 1230 570 mactans
1254 540 1387 581 ieiuniis,

949 580 1118 615 Conferens
1142 593 1216 625 opes
1242 587 1390 619 ecclesiis.

914 658 922 666 .
948 636 1012 667 Ora
1034 647 1093 676 pro
1116 641 1177 671 tuis
1200 640 1324 673 famulis

948 682 1078 723 Semper
1101 686 1159 716 tibi
1184 687 1314 728 devotis,

946 728 1056 760 Electe
1081 732 1197 764 Christi
1225 733 1393 777 confessor,

946 774 1004 812 Qui
1030 784 1061 807 es
1086 779 1174 818 regni
1197 788 1367 821 possessor,

907 842 915 849 .
943 821 1093 854 Transfer
1117 827 1201 856 tuam
1225 825 1375 859 familiam

943 867 997 898 Ad
1021 870 1151 901 eandem
1172 872 1313 910 gloriam.

1000 952 1046 983 In
1072 954 1102 985 3.
1128 953 1354 989 Nocturno.

1082 1025 1274 1061 Antiphonae.

908 1103 915 1110 .
940 1078 1075 1119 Insignis
1098 1084 1214 1122 consul,

985 1128 1124 1165 quamvis
1148 1129 1211 1160 iam
1228 1138 1361 1170 corpore
1384 1136 1481 1176 exsul,

937 1170 1027 1204 Hanc
1050 1174 1228 1208 miserando
1252 1180 1356 1210 tamen

986 1219 1129 1251 devotam
1153 1223 1275 1261 respice
1298 1225 1433 1263 plebem.

937 1272 1069 1306 Sanctus
1092 1275 1284 1319 Luthardus,

981 1322 1080 1360 regali
1103 1326 1266 1356 stemmate
1289 1329 1391 1367 natus,

936 1364 1058 1398 Christo
1082 1370 1221 1410 servivit,

980 1413 1066 1445 cuius
1089 1420 1261 1456 praecepta
1283 1419 1398 1452 subivit

931 1459 1065 1491 Pectore
1090 1462 1202 1495 devoto

976 1506 1149 1546 prudenter
1174 1511 1329 1550 cordeque
1352 1515 1428 1547 toto,

261 1520 396 1560 Protege
419 1521 576 1556 Luthardi

302 1571 486 1601 venerantes
512 1569 594 1603 festa
617 1572 712 1606 beati.
1065 1581 1268 1617 Responsoria.

872 1634 905 1666 1.
931 1634 1040 1667 Cultor
1063 1638 1209 1681 iustitiae,

973 1683 1101 1721 piet-atis
1124 1694 1216 1717 verus
1236 1690 1366 1729 amator,

924 1728 1077 1769 Egregius
1101 1732 1191 1763 miles

970 1775 1097 1808 Domini
1121 1787 1216 1818 super
1238 1783 1323 1812 astra
1337 1782 1469 1823 levatur,

854 1822 891 1854 V.
924 1822 1019 1854 Cuius
1044 1824 1110 1856 vita
1133 1825 1215 1857 bona

390 1651 594 1688 Responsoria.

197 1715 228 1747 1.
255 1717 280 1748 Ο
304 1717 490 1751 imitabilem
514 1721 615 1753 virum

248 1762 293 1794 Et
314 1773 423 1796 verum
447 1766 566 1799 Christi
590 1768 750 1810 famulum,

249 1810 308 1848 Qui
331 1820 390 1849 pro
416 1812 540 1845 Christo
566 1824 640 1854 opes
666 1819 796 1860 respuit,

246 1856 328 1894 Quas
354 1858 493 1898 copiosas
519 1861 645 1902 habuit;
967 1870 1097 1902 meliore
1120 1871 1183 1903 fine
1206 1874 1328 1908 beatur.

251 1920 371 1957 Antiph.
391 1931 443 1949 ms.
464 1924 642 1953 Wisselense
662 1935 736 1955 saec.
759 1927 801 1956 15.
821 1930 1041 1966 (Privatbesitz).
1063 1948 1098 1953 ——
1112 1935 1201 1963 Diese
1224 1937 1326 1970 Quelle
1345 1941 1385 1966 ist
1397 1940 1467 1968 Ves-

174 1957 273 1992 perale
296 1959 356 1985 und
383 1960 494 1987 enthfflt
519 1961 608 1990 daher
632 1973 687 1991 nur
712 1965 759 1993 die
783 1966 829 1993 ΑΑ
855 1969 914 1996 und
941 1967 986 1996 ΒΗ
1006 1971 1052 1997 bis
1072 1980 1138 1999 zum
1155 1973 1368 2003 Invitatorium.
1405 1978 1467 2005 Das

173 1996 290 2023 weitere
316 1997 357 2023 ist
384 2000 568 2026 entnommen
594 2000 668 2028 Acta
686 2002 737 2029 SS.
761 2003 838 2040 Sept.
865 2006 905 2040 V,
935 2005 1001 2041 110,
1028 2017 1071 2035 wo
1099 2010 1146 2036 ein
1164 2011 1229 2038 Teil
1249 2012 1298 2040 des
1319 2013 1465 2043 Officiums

171 2032 273 2064 (leider
293 2034 375 2061 nicht
393 2035 445 2062 das
465 2035 567 2071 ganze)
585 2038 660 2065 nach
681 2041 760 2067 einer
772 2042 826 2069 Hs.
846 2043 896 2070 der
908 2045 1019 2071 Kfflner
1033 2045 1193 2075 Carthause
1211 2050 1366 2086 mitgeteilt
1384 2053 1465 2079 wird-

172 2070 245 2097 Zum
265 2070 398 2099 Officium
416 2073 519 2109 gehiirt
538 2074 589 2102 der
607 2076 742 2111 Hymnus
761 2079 846 2107 Anal.
868 2081 928 2108 XII
946 2082 997 2110 Nr.
1020 2080 1084 2110 282.

634 2157 679 2188 96.
708 2158 751 2189 De
771 2161 876 2192 sancto
896 2162 1007 2193 Marco.

313 2213 360 2244 In
386 2215 415 2247 1.
440 2216 520 2248 Ves
529 2218 658 2255 peris,
914 2221 1045 2262 Semper
1068 2225 1159 2257 sedet
1182 2230 1368 2267 regnaturus

382 2278 576 2315 AntiPhonae,
960 2270 993 2301 in
1019 2272 1146 2303 caelesti
1171 2274 1268 2307 curia.

178 2324 210 2357 1.
235 2323 328 2356 Felix
351 2325 480 2359 Marcus
503 2333 715 2362 consummata
853 2335 885 2367 2.
911 2334 1023 2367 Lauda
1048 2336 1158 2378 Deum,

282 2373 401 2404 Proelii
426 2374 559 2407 victoria
957 2382 1047 2421 plebs
1073 2384 1261 2425 christicola,

1234 2438 1290 2467 18*
