1650 2542
740 149 992 183 —142—

432 236 475 263 Ad
493 238 627 265 Tertiam.

232 289 271 320 A.
301 290 415 330 Legem
440 293 499 324 Dei
523 295 696 326 retinebant

348 339 494 377 scriptam
519 340 581 371 suis
607 342 751 373 cordibus

298 382 340 413 Et
364 392 398 414 se
421 393 543 424 semper
567 388 752 418 exercebant

339 429 372 459 in
397 430 484 461 bonis
509 433 662 475 operibus,

297 474 380 505 Hinc
404 476 607 509 christiferam
632 479 798 518 gignebant

343 522 492 552 nutricem
516 522 670 558 fidelibus.

431 594 475 620 Ad
495 594 617 623 Sextam.

220 648 259 678 A.
292 648 439 680 Parentes
465 651 659 684 christiferae

336 704 491 734 nunquam
517 697 706 741 defecerunt,

289 740 326 771 Iu
351 740 410 772 Dei
436 744 626 782 complacitis

332 787 387 817 sed
411 796 533 827 semper
556 795 728 831 creverunt,

285 831 368 863 Hinc
388 836 534 872 poterunt
557 841 718 875 praestare
741 841 804 871 suis

329 878 419 919 bona,
445 889 524 919 quae
547 885 637 916 modo
658 889 818 923 quaerunt.

424 952 469 979 Ad
490 955 610 982 Nonam.

213 1006 252 1037 A.
285 1006 344 1037 Dei
369 1007 525 1041 mirabilia

327 1054 421 1085 valde
442 1058 513 1086 sunt
536 1059 666 1089 scrutati

960 244 1003 275 Et
1027 245 1073 275 sic
1095 246 1187 284 plene
1209 248 1365 282 mentibus

1008 294 1078 322 sunt
1102 292 1278 334 illuminati,

963 336 1050 375 Quod
1076 341 1108 369 et
1130 340 1219 371 nobis
1243 344 1276 372 ut
1301 340 1365 379 fiat,

1007 383 1068 422 ipsi
1092 385 1154 416 sint
1178 388 1288 429 rogati,

961 430 1006 462 Ut
1030 432 1163 463 aeternis
1188 433 1310 472 gaudiis

1004 474 1143 508 fruamur
1166 479 1258 512 beati.

1017 587 1062 618 In
1089 589 1118 619 2.
1146 589 1354 629 VesperiS.

1066 679 1110 705 Ad
1129 680 1305 716 Magnificat.

879 742 918 773 A.
948 743 1059 785 Avete,
1085 746 1185 776 sancti
1209 747 1344 778 Ioachim

997 792 1026 819 et
1050 791 1144 822 Anna
1165 795 1318 835 generosi,

948 835 1009 866 Vos
1034 845 1101 876 nos,
1136 839 1188 876 qui
1210 841 1322 871 vestris
1345 841 1490 873 laudibus

991 891 1072 912 nunc
1095 892 1199 915 sumus
1224 886 1365 927 studiosi,

948 927 1044 959 Bonis
1070 929 1175 961 ditetis
1202 932 1343 964 omnibus

994 977 1026 1004 et
1049 975 1116 1006 sitis
1141 978 1278 1016 gratiosi,

946 1019 1044 1051 Nobis
1070 1024 1101 1052 et
1123 1022 1155 1053 in
1180 1024 1303 1055 auxiliis

992 1074 1049 1104 per
1074 1071 1185 1100 cuncta
1209 1071 1336 1109 copiosi.

285 1116 368 1143 Brev.
389 1126 439 1145 ms.
460 1119 629 1149 Brixinense
647 1131 720 1151 saec.
744 1123 785 1152 14.
826 1126 893 1154 Cod.
914 1128 1019 1156 Semin.
1040 1131 1185 1158 Brixinen.
1206 1141 1228 1159 s.
1250 1142 1277 1160 n.

650 1213 696 1243 49.
730 1213 773 1244 De
792 1217 895 1247 sancto
915 1217 1027 1250 Iodoeo.

340 1276 385 1306 In
412 1277 442 1309 1.
468 1277 681 1317 Vesperis.

414 1349 603 1385 Antiphonae.

219 1401 247 1433 1.
273 1403 440 1436 Exsultant
464 1407 608 1439 caelestia

270 1449 376 1480 Indoci
402 1454 587 1491 praesentia,

271 1494 438 1528 Exsultent
460 1501 623 1532 terrestria

275 1541 376 1579 Ipsius
401 1545 558 1577 memoria.

219 1605 247 1636 2.
274 1605 335 1636 Hic
356 1615 459 1646 regum
486 1610 697 1649 carbunculus,

268 1651 487 1685 Britannorum
510 1654 664 1697 flosculus,

269 1697 303 1728 In
329 1699 459 1731 Pontivo
484 1702 609 1734 sedulus

267 1742 342 1773 Fuit
366 1744 482 1777 Christi
507 1746 649 1783 famulus,

212 1808 243 1839 3.
269 1808 329 1839 Hic
351 1817 446 1847 genus
470 1813 606 1850 aquatile

267 1854 400 1886 Pascens
426 1860 457 1887 et
480 1859 606 1890 volatile

264 1900 465 1938 Asportatum
490 1904 578 1936 altile

265 1944 483 1985 Supplantavit
507 1952 636 1990 aquilae.

209 2009 239 2039 4.
265 2009 377 2041 Panem
406 2013 481 2045 dans
505 2024 562 2053 per
583 2020 729 2055 parvulas

262 2055 411 2092 Quattuor
435 2062 604 2097 particulas

261 2101 323 2132 Pro
347 2103 475 2143 siugulis
499 2108 635 2147 singulas

260 2147 389 2186 Recepit
413 2152 582 2185 naviculas.

203 2211 233 2243 5.
259 2211 304 2242 Te
331 2213 420 2244 decet
442 2215 588 2260 laudatio,

304 2259 361 2296 Qui
385 2261 475 2298 punis
500 2267 642 2302 raptores

257 2305 365 2336 Iudoci
390 2306 534 2348 suffragio

300 2351 342 2382 Et
363 2361 453 2384 sanas
477 2355 648 2395 languores,

869 1284 907 1317 R.
940 1286 1078 1319 Puellam
1104 1290 1252 1322 nativitas

942 1332 1003 1364 Seu
1024 1335 1129 1366 nativa
1155 1338 1286 1369 caecitas

982 1381 1120 1419 Aspectu
1145 1381 1318 1426 frustravit,

937 1425 1046 1457 Iudoci
1070 1429 1274 1466 praeclaritas

931 1470 994 1502 Seu
1018 1474 1180 1511 praeclara
1206 1477 1320 1510 caritas

982 1518 1072 1550 Illam
1097 1520 1275 1555 illustravit.

937 1564 961 1595 O
985 1565 1083 1596 virum
1109 1568 1244 1607 virtutis,

933 1609 1025 1641 Cuius
1050 1613 1190 1644 manibus
1216 1616 1330 1647 ablutis

929 1656 1021 1695 Aqua
1044 1667 1151 1690 manus
1176 1661 1305 1693 abluens

931 1701 1006 1732 Fuit
1031 1705 1128 1735 visum
1152 1705 1283 1738 influens

977 1748 1081 1780 Oculis
1108 1751 1264 1785 delibutis.

891 1817 897 1823 .
927 1794 1073 1835 Iudocus,
1101 1797 1218 1829 Christi
1245 1799 1414 1842 confessor,

929 1839 977 1870 Sit
997 1850 1054 1880 pro
1079 1843 1168 1875 nobis
1190 1845 1389 1881 intercessor.

1041 1934 1086 1960 Ad
1104 1935 1279 1971 Magnificat.

889 2021 896 2028 .
927 1998 1110 2037 Magnificat
1135 2001 1283 2035 nobilitas

970 2045 1120 2076 Iudocum
1145 2047 1362 2091 confessorem,

924 2089 1083 2122 Olarificat
1107 2092 1264 2126 humilitas

968 2135 1090 2168 Saeculi
1116 2143 1369 2184 contemptorem,

922 2180 1083 2214 Glorificat
1107 2187 1275 2219 aeternitas

965 2227 1026 2258 Dei
1049 2233 1332 2275 contemplatorem,

920 2275 956 2305 In
981 2283 1041 2313 qua
1063 2280 1243 2314 praestante
1266 2282 1334 2314 Deo

918 2319 1090 2353 Exsultabo
1117 2332 1184 2355 cum
1210 2335 1245 2358 eo

920 2365 956 2398 In
983 2367 1113 2400 salutari
1137 2379 1215 2406 meo.
