1650 2542
749 145 979 180 -60—

654 237 694 267 19.
728 236 769 266 Dc
790 235 898 265 sancta
920 233 1077 264 (lei-trude.

363 297 408 328 In
434 298 463 329 1.
489 296 703 335 Vesperis.

448 387 638 422 Antiphonae.

246 445 274 476 1.
302 444 422 475 Solaris
448 444 520 474 dum

346 489 482 520 volvitur
505 488 616 527 orbita,

299 535 413 566 Votiva
435 536 598 564 recurrunt
621 532 711 571 festa,

297 581 334 611 In
359 580 468 618 quibus
494 582 525 609 et
544 579 670 610 Domini

344 626 513 656 recitantur
537 625 701 665 magnalia,

298 671 340 702 Et
363 671 491 710 virginis

344 719 552 748 retractantur
574 717 696 750 merita.

266 798 271 804 .
299 772 465 803 Gna-trudis

344 818 463 856 pietate
485 816 660 856 ineffabilis,

298 864 368 895 Tibi
393 864 596 902 persolvimus

348 910 452 941 debita
475 910 588 947 laudis,

295 956 343 987 Tu
366 956 459 987 solita
484 955 647 986 clementia

297 1002 426 1040 Adauge
451 1001 622 1033 devotionis

339 1048 539 1079 incrementa.

263 1127 270 1133 .
296 1102 342 1132 Te
367 1102 491 1141 clangat,
515 1110 587 1141 ergo

342 1150 449 1179 nostra
472 1148 591 1187 vocula,

296 1194 376 1233 Tibi,
403 1203 420 1224 o
443 1194 506 1233 pia,
532 1194 646 1225 reddat

341 1238 549 1277 famulamina,

292 1289 322 1317 A
345 1288 378 1316 te
401 1289 550 1324 exposcat

340 1331 595 1371 misericordia-m,

295 1378 392 1416 Quam
416 1378 517 1408 nescis

343 1424 493 1463 denegare
517 1424 668 1463 cuiquam.

262 1504 267 1510 .
297 1479 368 1510 Tibi
392 1482 453 1510 rite

338 1525 508 1564 psallimus,
533 1524 631 1564 virgo,

290 1570 362 1601 Tibi
385 1571 494 1601 laudes

335 1615 498 1647 referimus
523 1625 560 1647 ex
587 1616 701 1651 debito,

290 1662 377 1702 Quia,
403 1663 542 1702 quotiens
566 1663 735 1701 premimur

336 1708 553 1747 anxietatibus,

290 1755 342 1785 Ad
366 1756 398 1784 te
419 1754 507 1785 nobis
531 1753 612 1785 fidus

335 1802 424 1839 patet
446 1808 600 1831 recursus.

256 1878 264 1887 .
288 1854 374 1887 Mole
399 1855 559 1886 criminum

332 1902 511 1940 premimur,

289 1947 460 1978 Debilitate
480 1948 605 1987 inopiae

335 1994 550 2033 consumimur,

286 2040 316 2070 A
339 2042 372 2070 te
396 2040 590 2078 deposcimus

334 2086 485 2125 misereri,

290 2131 442 2163 Succurre
464 2134 570 2163 nostro

338 2176 483 2211 defectui.

405 2251 450 2277 Ad
467 2250 641 2287 Magnifieat.

248 2335 254 2342 .
283 2308 423 2341 Laudem
448 2308 554 2339 demus
577 2308 720 2349 Domino,

285 2354 422 2394 Virginis
446 2355 572 2394 inquam
595 2354 670 2398 filio,

966 293 1025 331 Qui
1049 295 1090 332 te,
1116 301 1134 323 o
1159 293 1370 324 sacratissima
1393 291 1491 332 virgo,

965 338 1078 370 Mundi
1102 339 1269 370 resolutam
1294 338 1450 377 ergastulo

966 384 1003 416 In
1029 386 1106 416 caeli
1130 385 1224 416 hodie

1008 432 1161 462 relevavit
1184 431 1311 469 palatio,

962 477 1035 517 Ubi,
1060 486 1235 516 precamur,

1005 524 1105 555 nostri
1129 532 1248 556 memor
1271 525 1346 554 esto.

1026 616 1085 647 Ad
1110 615 1375 648 Matutinum.

1090 688 1302 715 Invitatorium.

961 744 1136 775 Adoremus
1161 745 1318 777 Christum
1342 752 1455 786 rogem,

962 789 1175 829 sponsumque
1206 793 1384 822 sanctarum
1408 791 1503 830 virgi-

1336 846 1420 876 num,

962 882 1020 920 Qui
1043 881 1167 913 beatam
1192 882 1379 915 Gertrudem

962 927 1132 959 Collocavit
1163 929 1246 960 inter
1270 929 1382 960 choros
1406 938 1500 968 ange-

1277 975 1387 1008 lorum.

1010 1066 1056 1097 In
1081 1067 1113 1100 2.
1136 1066 1365 1099 Nocturno.

1097 1138 1288 1174 Antiphonae.

924 1218 931 1225 .
957 1193 1137 1225 Hodiernae

1003 1240 1221 1272 sollemnitatis
1245 1242 1368 1281 gaudia,

958 1286 1042 1324 Quae
1064 1286 1154 1317 nobis
1179 1288 1252 1318 anni

1004 1332 1131 1363 reduxit
1154 1333 1266 1372 orbita,

954 1378 1013 1410 Pia
1032 1379 1204 1410 recolamus
1231 1379 1403 1419 devotione,

956 1422 1093 1463 Virginis
1119 1424 1284 1457 Gertrudis

1000 1473 1123 1502 utentes
1148 1470 1356 1505 famulamine.

921 1551 927 1556 .
956 1525 1114 1557 Generosa
1138 1526 1262 1559 Christo
1286 1528 1373 1567 virgo

1000 1572 1143 1604 Iustitiae
1166 1573 1292 1612 vigebat
1316 1574 1393 1613 zelo,

955 1617 1184 1649 Sanctimoniae
1207 1619 1381 1659 privilegio.

955 1663 1142 1695 Caelestium
1162 1667 1266 1695 autem

997 1708 1152 1749 flagrabat
1176 1711 1341 1743 desiderio.

897 1767 928 1797 23.
954 1764 1023 1795 Hac
1039 1773 1111 1804 ergo
1135 1766 1257 1804 pollens

998 1811 1179 1842 maturitate
1201 1821 1321 1843 morum

952 1858 1111 1896 Quaesivit
1134 1858 1196 1889 sibi
1219 1861 1331 1897 aptare

995 1904 1168 1943 virgineum
1193 1914 1351 1947 sponsum,

953 1949 1028 1981 Gum
1053 1959 1112 1989 quo
1137 1951 1326 1990 virginitatis

996 1995 1137 2027 firmaret
1161 1997 1410 2036 chirographum.

1081 2069 1285 2104 Responsoria.

918 2150 923 2156 .
950 2125 1147 2157 Venerabilis

995 2171 1083 2210 virgo
1109 2171 1286 2211 Gertrudis,

952 2216 1169 2248 Generositate

994 2263 1120 2302 quidem
1143 2263 1267 2303 nobilis,

950 2309 1122 2341 Sanctitate

994 2359 1097 2387 autem
1119 2356 1260 2396 insignis,
