1650 2542
726 151 765 156 —
820 132 978 166 138—

289 225 344 257 Cui
366 224 426 256 fuit
449 225 645 264 postmodum

335 271 488 303 Gaudium
515 272 553 302 de
577 270 689 303 fructu.

233 328 264 359 2.
290 326 448 358 Gloriatur
472 326 637 365 plurimum

332 373 469 405 Ioachim
493 371 604 410 fidelis,

286 418 343 456 Qui
367 427 424 458 per
448 418 604 450 Christum
628 417 790 448 Dominum

335 464 520 502 Triumphat
543 464 575 493 in
601 463 704 495 caelis,

256 543 263 550 .
290 517 461 557 perfecisti,
487 517 628 556 Domine,

333 564 454 595 Sterilis
481 564 632 604 decorem,

287 610 370 648 Quae
396 610 499 640 divino
523 617 649 640 munere

330 656 448 686 Mundo
475 655 563 686 dedit
585 653 701 686 florem.

417 709 619 744 Responsoria.

253 782 261 788 .
287 757 311 789 O
338 765 460 788 reorum

332 803 421 833 dulce
444 801 605 841 refugium,

285 849 377 880 Pater
401 851 515 891 sancte,

330 893 437 926 confer
461 895 607 926 auxilium

283 941 352 980 His,
378 949 452 979 quos
476 941 566 972 triste

330 989 440 1025 gravat
463 987 615 1026 exsilium,

246 1058 252 1065 .
282 1032 325 1064 Ut
349 1033 508 1063 laudemus

331 1079 414 1109 illius
439 1077 545 1117 filium,

285 1124 339 1155 Cui
363 1127 466 1155 astant

330 1170 415 1200 milia
437 1170 566 1210 milium,

283 1216 327 1247 Ut
349 1216 509 1254 impendat

329 1258 405 1304 [liis]
431 1262 646 1300 patrocinium.

251 1341 257 1348 .
284 1318 377 1348 Pater
402 1317 490 1355 alme,

331 1363 423 1401 digne
446 1362 602 1401 memoria,

282 1409 431 1439 Mundum
457 1408 564 1438 levans

328 1457 399 1492 post
423 1452 488 1484 fata
512 1454 623 1491 tristia,

284 1499 376 1531 Cuius
401 1500 504 1538 proles

329 1548 453 1584 reparat
477 1546 588 1577 omnia.

243 1617 250 1624 .
280 1592 379 1623 Datur
404 1592 521 1622 cunctis

329 1638 412 1668 salus
437 1640 468 1668 et
491 1639 599 1679 gratia,

283 1685 377 1723 Quam
403 1684 559 1723 producis,

330 1738 366 1760 ex
394 1729 475 1760 dulci
499 1728 574 1761 filia.

224 1786 254 1817 3.
278 1783 385 1815 Firma
408 1783 470 1815 fide
495 1785 596 1824 crede,

326 1838 365 1860 ne
389 1830 431 1860 sis
456 1830 538 1861 ultra
563 1830 684 1869 dubius,

281 1878 391 1907 Annae
413 1876 518 1908 uxoris
543 1880 615 1908 tuae

328 1922 512 1953 intumescet
536 1926 650 1962 uterus,

282 1968 353 1999 Non
379 1968 506 2008 dolebis,
534 1970 589 2000 sed
614 1970 763 2009 gaudebis

326 2014 469 2045 immunis
494 2015 671 2054 opprobrii3

244 2086 251 2093 .
282 2060 401 2099 Saram,
426 2060 594 2092 Rachelem
619 2062 731 2101 recole,

282 2105 431 2137 Fidenter
442 2107 480 2137 de
488 2108 643 2138 montibus
655 2108 817 2140 descende.

342 2180 386 2211 In
414 2181 444 2212 3.
470 2180 691 2215 Nocturno‚

423 2243 613 2278 Antiphonae.

226 2292 256 2322 1.
283 2291 347 2321 Iste
374 2290 440 2321 sine
463 2292 591 2322 maculis

329 2337 446 2375 Iugiter
469 2338 606 2378 incessit,

950 224 1041 255 Nunc
1062 224 1092 254 in
1118 223 1327 256 tabernaculis

998 271 1120 302 Sanctis
1145 271 1322 310 requiescit.

893 345 923 376 2.
952 345 1153 383 Praevenisti,
1179 345 1321 387 Domine,

996 392 1132 422 Ioachim
1158 395 1189 422 et
1212 392 1336 423 Annam

950 436 1077 468 Gratiae
1102 438 1276 479 dulcedine,

995 483 1162 523 Gignentes
1187 483 1331 515 Mariam.

892 557 923 588 3.
950 557 1062 588 Omnes
1087 566 1160 597 ergo
1186 558 1343 589 celebrent

993 603 1039 633 Te
1063 607 1182 642 patrem
1208 603 1340 644 felicem,

948 649 1004 686 Qui
1031 649 1145 680 dedisti
1168 650 1301 689 perditis

992 694 1052 726 Dei
1076 696 1278 734 genetricem.

1076 767 1277 802 Responsoria.

890 824 921 855 2.
945 824 1023 863 Ave,
1051 827 1151 866 pater,

991 879 1073 901 nunc
1095 871 1127 901 in
1149 871 1332 902 sublimibus

947 915 1048 947 Natac
1070 917 1203 956 iunctus,

990 963 1052 993 tuis
1076 962 1127 994 fac
1151 964 1307 1003 precibus,

945 1007 993 1038 Ne
1017 1010 1171 1048 serpentis

990 1054 1153 1087 laedamur
1178 1056 1341 1095 morsibus,

945 1100 1010 1138 Quo
1035 1099 1120 1133 fraus
1144 1103 1254 1141 primis

993 1148 1077 1178 venit
1100 1149 1293 1186 parentibus.

877 1192 913 1222 V.
940 1192 988 1223 Tu
1013 1202 1095 1224 nunc
1117 1195 1232 1226 sanctis

990 1240 1172 1277 praesidens
1197 1241 1349 1281 omnibus,

945 1284 995 1315 Da
1018 1289 1090 1323 post
1112 1290 1242 1318 mortem

989 1331 1073 1370 iungi
1099 1333 1294 1366 caelestibus.

1033 1434 1076 1465 In
1101 1433 1329 1467 Laudibus,

1085 1506 1277 1543 Antiphonae.

889 1562 918 1593 1.
943 1562 1081 1594 Ioachim
1104 1565 1296 1602 praenobilis

990 1609 1097 1641 Induit
1121 1611 1275 1650 decorem,

940 1656 1172 1687 Administraus
1197 1658 1325 1696 singulis

991 1701 1119 1732 Gratiae
1143 1704 1353 1743 splendorem.

887 1776 918 1806 2.
945 1775 1004 1806 Per
1030 1784 1099 1806 eum
1123 1777 1283 1809 reducitur

988 1824 1097 1853 Annus
1120 1823 1273 1855 iubilaeus

945 1867 1037 1899 Cuius
1064 1877 1100 1900 ex
1125 1871 1273 1910 progenie

991 1914 1084 1946 Venit
1107 1916 1197 1948 homo
1223 1917 1317 1950 Deus.

888 1989 917 2020 3.
947 1987 1097 2021 Columba
1121 1992 1289 2023 revertitur

991 2035 1122 2067 Ramum
1148 2038 1225 2068 dans
1249 2039 1360 2076 olivae,

948 2082 1081 2113 [oachim
1108 2083 1180 2114 dum
1205 2085 1353 2126 nascitur,

991 2128 1066 2160 Flos
1091 2129 1215 2160 virtutis
1241 2131 1340 2164 divae.

886 2204 918 2234 4.
944 2202 1076 2241 Lignum
1100 2203 1183 2234 vitae
1207 2206 1313 2236 attulit

992 2248 1124 2279 Labenti
1148 2253 1288 2293 naturae,

943 2294 1034 2326 Cuius
1060 2294 1195 2327 fructum
1220 2299 1387 2331 concinunt

992 2341 1104 2372 Omnes
1130 2346 1299 2379 creaturae.
