1650 2542
0 210 3 219 -
0 144 9 171 -ι-

726 115 978 151 —215—

283 208 341 246 Qui
365 211 397 239 te
423 209 517 247 elegit
540 209 580 240 de
603 210 729 252 mundo,
1019 211 1064 242 In
1089 212 1119 243 2.
1145 210 1353 249 Vesper-is.

282 254 379 293 Quam
416 254 565 294 pulchra,
603 264 695 295 quam
729 257 822 288 mira-

599 301 685 343 bilis,
1069 293 1113 319 Ad
1133 292 1308 328 Mag-nificat..

282 348 405 386 Quanta
425 347 496 378 luce
519 348 701 386 spectabilis
880 351 919 382 A.
949 351 1018 382 Vox
1044 350 1083 381 de
1108 350 1202 381 caelis
1226 350 1377 381 intonuit:

280 393 367 424 Inter
391 392 464 424 Sion
491 393 672 426 iuvenculas
951 396 1039 435 Veni,
1067 396 1181 428 dilecta
1204 405 1282 436 mea,
1308 396 1389 437 veni,

281 439 322 470 Et
342 439 513 471 Ierusalem
538 439 627 483 filias,
948 443 1037 474 Intra
1062 443 1231 474 thalamum
1256 443 1362 481 sponsi
1386 443 1443 483 tui,

280 485 431 517 Thalamo
457 486 574 526 gaudes
599 487 684 527 regio
953 489 1041 527 Quod
1066 489 1216 530 postulas,
1241 489 1427 529 impetrasti,

279 531 451 563 Coniuncta
473 532 534 563 Dei
565 532 640 565 filio.
950 536 1011 567 Pro
1036 535 1147 574 quibus
1171 544 1251 575 oras,
1278 536 1357 567 salvi
1382 538 1481 566 eruut.

283 605 351 632 Cod.
366 605 502 633 Graecen.
524 603 596 633 1069
617 614 692 633 saec.
707 604 750 634 13.
763 607 798 634 A.
818 623 848 627 —
874 607 991 643 Antiph.
1012 616 1064 634 ms.
1080 608 1236 635 Sanctense
1256 615 1329 634 saec.
1346 606 1388 635 13.
1423 608 1490 636 Cod.

208 642 341 670 Sancten.
362 651 384 670 s.
405 651 433 669 n.
454 642 517 669 add.
538 651 611 670 saec.
632 641 705 671 1⁸l14.
726 644 758 671 B.
779 659 815 662 —
836 645 918 671 Brev.
940 654 991 671 ms.
1011 645 1204 672 Tirasonense
1223 653 1295 672 saec.
1314 643 1390 680 ¹915.
1422 646 1490 674 Cod.

210 680 303 715 Capit.
323 680 491 707 Tirasonen.
513 688 535 707 s.
555 688 584 706 n.
606 680 634 707 C.
655 696 692 700 —
715 682 799 708 Brev.
819 690 871 708 ms.
892 681 1079 709 Gehennense
1098 690 1172 709 saec.
1195 681 1237 709 15.
1279 682 1347 709 Cod.
1367 684 1490 711 Parisin.

209 715 290 744 1318.
315 718 351 744 D.
384 732 417 736 -
449 717 532 744 Brev.
563 726 616 745 ms.
641 717 780 754 Sagiense
816 726 888 745 saec.
920 717 962 746 15.
1011 719 1078 746 cod.
1105 720 1227 746 Parisin.
1260 717 1363 749 13243.
1387 720 1422 747 E.
1455 736 1491 741 —

207 755 291 781 Brev.
318 763 371 781 ms.
395 755 579 782 Bisuntinum
605 763 679 782 saee-
702 754 745 782 15.
794 755 862 783 Cod.
888 756 1010 783 Parisin.
1039 754 1142 783 10487.
1168 757 1200 784 F.
1227 772 1263 776 —
1296 757 1413 793 Antiph.
1437 767 1490 786 ms.

209 792 464 827 Granenburgense
490 800 564 818 saec.
590 790 633 819 15.
675 792 742 820 Cod.
765 792 995 828 Cranenburgen.
1016 802 1038 820 s.
1056 802 1083 819 n.
1104 794 1137 821 G.
1157 809 1195 812 —
1219 794 1304 821 Brev.
1323 803 1375 821 ms.
1397 795 1490 822 Stein-

210 829 343 856 veldense
373 837 446 856 saec.
476 827 519 855 15.
571 829 639 856 Cod.
668 830 831 857 Bruxellen.
861 828 943 857 2961.
973 831 1011 857 H.
1041 845 1077 849 —
1107 831 1188 858 Brev.
1218 840 1270 858 ms.
1298 832 1491 861 Tirasonense

207 875 280 894 saec.
303 864 347 893 15.
387 866 456 893 Cod.
476 866 679 901 Munebregen.
699 875 722 894 s.
741 875 769 893 n.
788 867 811 894 1.
887 868 970 894 Brev.
991 876 1041 894 ms.
1062 867 1223 894 Romanum
1243 876 1314 895 saec.
1339 867 1381 896 15.
1420 870 1489 897 Cod.

206 903 363 931 Scorialen.
384 911 402 930 a
419 903 465 930 ΠΙ
486 902 510 930 6.
529 903 565 929 K.

280 941 321 968 In
347 938 371 967 1.
395 940 498 975 Vesp.
537 939 630 975 Super
655 940 702 967 Ps.
732 938 779 966 ΑΑ
808 941 938 977 Virginis
963 942 1086 968 eximiae
1110 943 1162 968 etc.
1192 950 1256 968 cum
1286 943 1405 978 reliquis
1434 944 1486 979 013

205 978 250 1004 Ad
270 978 367 1013 Magn.
393 976 415 1003 Α
441 977 517 1010 Ave,
543 978 625 1012 virgo
652 979 783 1012 speciosa
808 980 860 1004 etc.
879 978 915 1004 D.
948 992 979 996 —
1010 978 1097 1005 Invit.
1122 977 1136 1004 1
1160 978 1317 1006 Adoremus
1342 981 1487 1016 virginum

205 1023 301 1050 regem
318 1015 351 1041 A.
372 1029 410 1034 ——
428 1014 502 1041 Ibid.
523 1011 540 1041 3
562 1014 618 1047 Qui
636 1015 743 1050 virgini
756 1015 790 1041 A.
811 1030 846 1034 —
865 1015 984 1042 Invitat.
998 1015 1144 1042 Laudetur
1157 1015 1299 1043 Dominus
1320 1019 1368 1043 etc.
1387 1017 1423 1044 01
1438 1018 1487 1044 cfr.

204 1052 288 1079 Anal.
315 1052 429 1084 XVIII,
457 1049 518 1078 105.
545 1067 581 1071 -—-
604 1051 648 1078 In
670 1050 693 1078 1.
713 1052 762 1078 No
774 1053 816 1078 ot.
844 1049 864 1077 R
890 1049 907 1078 3
930 1051 1043 1078 Christo
1067 1052 1212 1079 credentes
1231 1053 1360 1080 flammas
1380 1056 1490 1081 intrant:

204 1090 358 1124 sapientes.
380 1089 414 1115 D.
434 1102 470 1106 —
491 1088 532 1115 In
551 1086 578 1115 2.
591 1089 690 1116 Noct.
712 1086 732 1114 R
750 1087 763 1115 1
783 1088 872 1124 Virgo
888 1088 1011 1123 prudens
1026 1090 1055 1115 et
1068 1088 1160 1115 electa
1172 1091 1224 1115 etc.
1240 1090 1275 1116 D.
1290 1106 1325 1109 —
1347 1089 1367 1115 R
1381 1089 1398 1117 2
1419 1091 1488 1126 Spe-

203 1127 284 1153 ciosa
302 1123 368 1161 [sic]
392 1124 499 1169 Christi
520 1126 649 1168 gloriosa
668 1128 719 1177 ete.
740 1126 776 1152 D.
798 1140 834 1144 —
854 1125 908 1169 Am
927 1125 1069 1189 ὃοωυῗῧιῗῖ
1082 1126 1138 1181 dt}
1151 1124 1487 1193 ZifiNngrcuctPrEthlafi

201 1163 346 1235 ΐᾼοῗὲἰξιιὲὲε
354 1170 619 1227 ᾱῖὲιὲξἎΑιξιθωοΠει
636 1162 675 1197 A,
701 1162 750 1189 cfr.
770 1163 853 1189 Anal.
874 1162 987 1196 XVIII,
1072 1183 1078 1188 .
1230 1183 1250 1191 ⁷.
1365 1186 1370 1191 .

417 1244 441 1272 1.
463 1244 586 1272 Credula
604 1246 742 1280 virgineis
762 1247 863 1280 regina
882 1254 932 1281 per
953 1248 1050 1273 omnia
1068 1247 1164 1274 verbis

460 1283 595 1317 Mai-tyrii
614 1283 711 1317 palma
730 1283 858 1318 gaudens
878 1284 1045 1310 conscendit:
1064 1284 1100 1310 ad
1120 1286 1206 1311 astra.

415 1327 441 1355 2.
462 1327 638 1364 Porphyrius
658 1330 799 1364 princeps,
821 1330 902 1362 caeli,
923 1329 988 1356 dum
1010 1330 1138 1364 credidit,
1162 1330 1253 1363 heres,

463 1366 619 1393 Conseotus
639 1375 781 1393 summum
801 1367 891 1393 subiit
909 1375 1044 1394 mucrone
1063 1368 1247 1403 triumphum.

415 1410 441 1439 3.
462 1412 607 1447 Obsequio
627 1414 718 1440 mirae
737 1414 853 1448 capiens
874 1413 1012 1440 alimenta
1030 1414 1180 1441 columbae

463 1449 583 1476 Carcere
601 1450 683 1486 virgo
703 1452 807 1483 manet,
829 1450 936 1477 Christi
955 1451 1096 1478 solamine
1114 1451 1227 1487 gaudet.

202 1494 222 1522 R
246 1494 260 1523 1
283 1496 413 1523 Christus
436 1497 565 1522 sanctam
584 1496 736 1523 tenebroso
760 1498 811 1523 ete.
826 1497 862 1524 D.
884 1510 919 1514 —
941 1494 960 1522 Β
982 1495 1007 1530 2,
1023 1495 1039 1523 5
1059 1498 1091 1523 in
1108 1497 1242 1524 aetherea.
1254 1498 1315 1525 BD.
1336 1513 1373 1517 —
1394 1498 1413 1525 R
1428 1498 1453 1533 2,
1469 1499 1485 1527 6

201 1542 265 1560 eum
286 1534 380 1560 sancti
400 1534 519 1568 spiritus
543 1533 610 1560 aula
630 1533 689 1560 BD.
718 1547 755 1551 —
780 1534 903 1560 Prosula
921 1534 1008 1561 DEF.
1033 1549 1070 1553 ——
1096 1535 1137 1561 In
1157 1533 1182 1560 2.
1202 1536 1302 1570 Vesp.
1326 1535 1418 1572 Super
1438 1539 1484 1565 Ps.

201 1569 247 1597 ΑΑ
280 1571 411 1606 Virginis
441 1571 564 1597 eximiae
593 1572 645 1597 etc.
678 1579 741 1597 oum
772 1571 891 1607 reliquis
922 1571 958 1598 D.
991 1586 1028 1590 —-
1059 1572 1103 1598 Ad
1130 1572 1228 1608 Magn.
1257 1573 1295 1599 A:
1326 1574 1349 1601 O
1379 1574 1486 1602 Christi

201 1609 294 1643 pietas
316 1610 368 1635 etc.
389 1608 430 1643 D;
450 1608 482 1634 in
501 1608 538 1634 B:

460 1654 554 1681 Mater
574 1654 715 1688 amabilis,
737 1655 940 1689 insuperabilis
962 1655 998 1682 ad
1018 1656 1138 1682 meliora

459 1692 518 1718 Nos
539 1700 623 1727 prece
642 1692 734 1727 dirige
753 1692 886 1728 factaque
905 1694 1017 1728 corrige
1036 1693 1186 1720 deteriora.

199 1739 282 1767 oder:
302 1739 381 1766 Voce
400 1738 494 1766 cordis
515 1741 545 1765 et
564 1740 622 1766 oris
643 1742 695 1766 etc.

618 1875 664 1905 74.
695 1876 737 1906 De
757 1878 864 1907 sancta
884 1876 1068 1908 Katharina.

338 1963 378 1995 In
408 1964 436 1996 1.
463 1963 676 2001 Vesperis.
882 1967 912 1996 2.
940 1965 1021 2004 Opes
1045 1966 1158 1996 mentis
1183 1967 1363 2009 praeelegit,

468 2047 475 2052 Π
940 2011 1056 2049 Quibus
1080 2014 1178 2043 totam
1202 2021 1236 2043 se
1259 2014 1380 2054 subegit

407 2046 601 2081 Annphonae.
986 2058 1050 2090 Sub
1078 2059 1180 2090 carnis
1205 2060 1347 2099 victoria,

214 2115 243 2146 1¹
271 2112 473 2144 Gratulemur
496 2113 529 2144 in
553 2112 671 2144 honore
942 2104 1047 2137 NOXUS
1071 2106 1180 2138 mundi
1204 2105 1294 2138 fortis
1319 2106 1410 2148 fregil

315 2160 510 2192 Katharjnae
533 2159 675 2199 virginis,
939 2151 1008 2183 Nec
1049 2160 1118 2184 cum
1156 2154 1272 2185 mundo
1299 2155 1483 2231 ‘guidquam

1260 2209 1308 2240 egl
1325 2225 1332 2240 ,

265 2207 350 2245 Quae
381 2207 486 2238 divino
510 2207 605 2246 plena
629 2215 701 2238 rore

311 2252 383 2284 Non
409 2262 520 2285 curans
544 2254 734 2294 propaginis⁷
986 2245 1099 2278 Mundi
1126 2255 1235 2278 carens
1260 2248 1369 2287 gloria.

265 2300 346 2331 Tota
370 2301 483 2331 mentis
505 2301 537 2331 in
563 2301 677 2332 ardore
884 2302 913 2334 3.
941 2302 1036 2342 Virgo
1060 2303 1199 2343 prudens
1223 2304 1380 2335 anhelavit

313 2346 441 2386 Sprevit
464 2348 585 2387 culpam
614 2347 761 2380 criminis,
984 2350 1035 2380 Ad
1061 2351 1168 2382 sedem
1192 2350 1358 2389 sideream,
