1650 2542
709 131 960 166 —217—

262 211 330 243 Nec
353 214 385 245 in
409 216 533 249 turbam
559 219 706 254 deitatem

308 259 482 299 simplicem
509 264 684 300 distrahere

263 304 336 337 Sive
361 307 476 339 cultum
502 314 652 345 creatoris

305 354 417 384 creatis
441 355 635 395 impendere.

199 433 233 464 2.
259 434 310 470 Ad
337 434 513 469 conflictum
538 445 701 478 provocati

303 481 526 523 quinquaginta
554 487 705 531 rhetores,

254 527 284 556 A
308 529 415 565 puella
438 533 578 570 superati

301 572 378 605 facti
406 579 479 608 sunt
501 579 685 621 mediocres,

253 619 330 651 Mox
353 630 373 652 a
396 621 464 654 Deo
490 624 677 660 decorantur

301 667 429 699 deorum
452 669 656 708 immemores

194 750 225 781 3.
251 750 348 790 Virgo
382 751 465 784 fame
488 757 614 788 tenuata

296 797 381 829 victu
405 808 494 832 sacro
518 804 668 844 pascitur,

250 843 340 875 Rotis
366 854 486 885 quoque
511 848 667 882 destinata

297 891 427 923 caelitus
452 894 584 933 eripitur

248 934 291 966 Et
316 937 466 970 adversus
491 942 663 974 saevientes

295 982 408 1022 ubique
433 987 613 1021 consulitur.

376 1085 580 1121 Responsoria.

186 1157 216 1189 1.
242 1157 327 1197 Ergo
356 1159 403 1191 bis
428 1163 511 1194 senis

288 1205 376 1245 virgo
403 1210 581 1242 veneranda
606 1211 714 1244 diebus

241 1250 384 1283 Carceris
409 1254 532 1286 horrori

287 1299 489 1332 committitur
512 1302 620 1343 indiga
643 1306 754 1346 victus,

240 1342 380 1376 Caclicus
404 1347 573 1381 adveniens

284 1390 386 1423 reficit
408 1393 524 1426 ieiunia
547 1400 672 1438 pastus3

168 1435 206 1468 V.
237 1435 384 1476 Disponit
408 1440 533 1472 clausae

283 1484 373 1522 panis
398 1485 480 1519 bona
502 1489 639 1527 prandia
660 1491 759 1525 vivus.

178 1567 209 1598 2.
237 1566 372 1607 Virginis
398 1571 494 1603 exitio

279 1613 316 1645 fit
342 1617 485 1649 machina
509 1627 602 1652 saeva
626 1624 775 1663 rotarum,

232 1661 383 1701 Angelico
407 1664 500 1702 pulsu

277 1709 361 1746 perit
383 1710 492 1750 ingens
517 1713 609 1746 turba
626 1714 773 1759 virorum,

229 1752 282 1785 Sic
306 1764 368 1787 non
391 1757 548 1790 imminuit

277 1809 390 1841 corpus
422 1805 504 1837 mala
535 1805 656 1840 fabrica
682 1818 772 1841 sanc-

553 1855 629 1894 tum,

157 1891 196 1924 V.
226 1894 272 1926 Ut
295 1896 453 1934 quondam
477 1899 583 1936 pueris

273 1939 386 1973 fornax
412 1942 571 1977 Chaldaea
594 1949 746 1986 pepercit.

167 2025 198 2057 3.
224 2024 322 2064 Quam
347 2029 402 2058 tua
426 2028 588 2061 distribuis

270 2073 391 2105 occulte
416 2075 507 2117 dona,
533 2077 730 2117 redemptor!

222 2119 372 2159 Principe
396 2125 523 2154 caecato

265 2166 369 2198 lumen
393 2176 451 2200 sua
474 2170 606 2211 suscipit
629 2180 718 2211 uxor,

221 2212 334 2245 Saucia
351 2215 477 2254 reginae

266 2264 428 2299 grassatur
450 2263 492 2296 ad
515 2263 614 2297 ubera
635 2267 745 2306 tortor,

148 2305 186 2338 V.
216 2305 269 2338 Sic
296 2315 398 2347 regem
424 2310 548 2351 spoliat,

264 2353 311 2385 sic
332 2358 442 2388 sancta
465 2357 552 2397 virgo
578 2359 746 2400 ‘triumphai

992 230 1040 261 In
1066 232 1096 264 3.
1122 231 1346 268 Nocturno.

1069 313 1261 349 Antiphonae.

874 377 905 407 1.
931 376 1024 416 Regis
1049 388 1128 411 uxor
1151 381 1325 421 adquiescit

833 1624 873 1657 V.

844 1738 874 1770 2.

973 425 1097 463 puellae
1121 428 1258 471 consilio,

926 468 1006 501 Fide
1029 471 1123 509 plena
1145 478 1276 506 mortem
1298 477 1383 508 subit

972 521 1120 555 sequente
1143 520 1329 562 Porphyrio‚

924 561 1032 601 Regna
1056 566 1161 597 terrae
1183 576 1240 606 pro
1270 569 1395 602 caelesti

971 614 1159 643 commutant
1179 614 1306 652 palatio.

891 695 897 701 .
921 672 1061 705 Tandem
1093 684 1184 708 cursu
1209 684 1417 713 consummato

970 719 1092 752 Christo
1117 723 1204 763 virgo
1229 727 1382 766 redditur,

920 764 965 795 Et
991 766 1095 799 lictori
1119 771 1297 810 mancipata

967 810 1085 844 ferrum
1110 818 1215 848 cervix
1239 820 1366 862 patitur,

918 857 985 888 Lac
1005 860 1133 897 pudoris
1158 868 1371 902 argumentum

963 913 1021 943 pro
1047 915 1157 938 cruore
1179 908 1331 943 funditur.

884 992 890 998 .
915 969 1105 1008 Angelorum
1128 972 1188 1003 Dei
1217 978 1293 1006 nutu

962 1024 1051 1047 sacer
1073 1018 1184 1050 chorus
1208 1020 1310 1053 adfuit

915 1059 959 1091 Et
978 1062 1119 1095 minister
1142 1067 1323 1104 sepulturae

961 1107 1037 1139 Sina
1059 1114 1196 1142 montem
1221 1115 1330 1154 tenuit,

913 1152 982 1193 Iugi
1005 1155 1095 1194 lapsu
1120 1157 1159 1188 de
1184 1161 1328 1198 sepulcro

957 1200 1059 1240 liquor
1081 1204 1169 1242 pacis
1194 1204 1305 1239 effluit.

1045 1295 1249 1331 Responsoria.

874 1372 880 1378 .
905 1347 974 1380 Rex
998 1352 1137 1389 graviter
1160 1364 1270 1394 passus

952 1396 1111 1430 molimina
1139 1409 1220 1432 vana
1242 1403 1356 1442 perire,

905 1440 1082 1481 Virgineam
1106 1445 1192 1477 litem

950 1490 1058 1521 statuit
1083 1494 1305 1531 praescindere
1329 1501 1438 1541 morte,

903 1533 1043 1567 Fortiter
1066 1538 1188 1571 abiecta

949 1579 1026 1613 felix
1050 1585 1135 1616 cadit
1159 1586 1262 1620 hostia
1287 1598 1389 1631 carne,

903 1625 1064 1661 Emeritae
1087 1631 1195 1664 bravio

947 1675 1073 1707 minime
1094 1676 1242 1712 fraudata
1266 1690 1407 1715 coronae.

903 1737 1045 1773 Candida
1069 1751 1137 1774 cum
1162 1754 1254 1778 saevo

948 1788 1053 1819 cervix
1076 1792 1295 1829 procumberet
1318 1795 1392 1836 ictu,

899 1832 1094 1872 Disponente
1117 1837 1185 1870 Deo

944 1882 1048 1918 patuit
1070 1891 1121 1914 res
1148 1885 1241 1925 digna
1266 1888 1376 1931 relatu,

898 1924 996 1957 Lacte
1017 1936 1107 1961 sacro
1131 1932 1242 1964 vulnus

944 1973 1039 2005 nituit
1049 1984 1126 2014 prae
1139 1980 1298 2018 sanguInis
1311 1981 1441 2022 haustu;

896 2017 1071 2053 Candorem
1094 2025 1207 2056 mentis

942 2066 1046 2106 signat
1069 2069 1208 2109 perfusio
1233 2073 1334 2108 lactis,

862 2152 869 2159 .
896 2130 978 2162 Dum
1003 2132 1082 2166 bene
1105 2136 1230 2170 siderea

940 2176 1097 2214 frueretur
1120 2184 1250 2223 spiritus
1275 2196 1356 2230 arce,

894 2223 1058 2259 Glorificat
1082 2238 1185 2263 caram

942 2277 1143 2309 memorando
1154 2278 1295 2311 Christus
1308 2281 1435 2322 honore,

891 2316 1019 2351 Sistitur
1042 2322 1075 2354 in
1099 2323 1186 2356 Sinai

935 2370 1043 2401 sancto
1069 2370 1251 2411 dignissima
1273 2377 1388 2418 monte,
