1650 2542
678 146 929 181 —117—

235 234 339 265 Decus
364 244 487 275 quoque
512 238 694 279 doctrinale,

280 280 347 311 Nos
372 281 480 314 beatos
505 282 625 316 faciens

232 326 307 357 Fuit
330 327 361 358 in
387 336 480 360 sensu
503 331 624 371 morali,

903 242 1039 282 Mystico
1064 245 1096 273 et
1119 243 1235 275 literali

949 289 1101 320 Eruditor
1123 290 1269 322 eminens.

238 390 321 417 Brev.
348 391 376 418 S.
402 392 563 421 Donatiani
589 396 711 432 Brugen.
739 399 807 433 imp.
834 398 956 425 Parisiis
978 397 1057 426 1520.
1088 416 1124 419 —
1152 400 1217 427 Alle
1238 398 1281 426 BR
1308 401 1357 428 des
1378 401 1445 429 Offi-

161 426 252 454 ciums
272 429 361 455 sowie
381 428 428 456 die
449 428 470 455 Α
492 430 528 457 ad
547 432 579 458 M

579 439 644 467 agn.
664 434 696 460 in
715 432 740 460 2.
760 435 848 470 Vesp.
870 437 1026 471 prosaisch.
1050 453 1074 456 —
1111 437 1151 464 In
1171 435 1196 464 2.
1217 438 1309 465 Noet
1337 436 1358 464 Α
1381 436 1405 468 ἢ,
1425 436 1443 466 3

160 464 192 489 in
221 465 383 492 virtutibus.
408 481 445 486 —
469 467 509 494 In
529 468 640 495 Laud.
668 470 705 496 ad
724 472 828 498 Bened.
850 471 880 507 Α,
901 472 917 499 7
937 474 1042 500 wieder
1061 476 1090 500 et
1108 475 1217 502 morali.
1246 490 1283 494 —
1308 477 1362 503 Die
1383 477 1444 503 drei

160 508 226 527 zum
248 501 380 529 Officium
401 504 559 540 geborigen
577 506 711 541 Hymnen
731 509 788 543 vgl.
808 509 892 536 Anal.
912 510 1021 544 XXIII,
1041 511 1091 538 Nr.
1112 509 1165 539 325
1186 520 1247 547 sqq.

580 604 630 634 40.
659 605 701 636 De
721 607 827 637 sancto
848 607 1038 646 Hieronymo.

297 659 341 691 In
369 659 398 692 1.
426 662 639 701 Vesperis.

369 743 561 779 Antiphonae.

170 797 200 830 1.
228 796 334 828 Sancti
357 800 513 840 Ieronymi

274 843 365 876 Clara
388 848 556 884 praeconia

224 889 348 921 Adnisu
379 892 474 923 animi

272 940 398 975 promat
422 939 562 971 ecclesia.

169 992 201 1024 2.
226 991 262 1023 In
288 993 404 1024 tenella
427 993 597 1034 iuventute,

271 1038 308 1069 In
332 1038 442 1070 labore
465 1041 637 1079 multiplici

220 1083 313 1124 Legit
336 1088 467 1116 stratum
493 1087 577 1118 vitae
600 1089 687 1118 tutae

270 1130 352 1162 Cleri
377 1133 551 1170 apostolici.

161 1185 192 1217 3.
220 1186 285 1216 Iam
310 1186 436 1217 adultus
461 1193 496 1218 ut
520 1188 618 1219 Iosias

266 1232 442 1263 Industrius
471 1234 653 1273 leronymus

220 1277 280 1309 Dei
305 1279 409 1317 coepit
433 1280 533 1311 cultus
557 1280 627 1313 vias

265 1325 417 1364 Arripere
440 1326 637 1360 laetissimus,

160 1379 192 1409 4.
219 1379 264 1411 Ut
288 1379 334 1410 sol
359 1380 453 1411 miros
479 1381 534 1412 dat
556 1381 702 1422 fulgores,

265 1425 343 1456 Viae
366 1426 535 1458 luculentia

219 1470 318 1502 Ornat
341 1472 447 1513 vitam,
476 1472 591 1505 format
614 1483 715 1506 mores

261 1517 431 1550 Doctrinae
455 1520 605 1553 sollertia.

160 1574 190 1605 5.
217 1572 334 1604 Hortus
358 1574 509 1605 virtutum
532 1574 673 1619 floridus,

261 1619 459 1659 Virginitatis
484 1622 593 1661 lilium,

214 1665 309 1697 Liber
332 1670 511 1699 cunctorum
537 1669 720 1707 splendidus

258 1712 368 1744 Portas
393 1714 546 1746 subvertit
570 1716 713 1750 hostium.

140 1767 178 1800 R.
208 1769 313 1799 Aureo
343 1769 530 1802 candelabro

257 1812 379 1854 fulgens
402 1816 537 1854 gloriosa
560 1818 697 1858 lucerna,

210 1861 381 1893 Doctrinae
404 1862 535 1894 rutilans

251 1907 416 1946 Ieronyme
440 1909 515 1940 sede
539 1918 684 1950 superna,

208 1954 261 1985 Ad
285 1956 316 1985 te
341 1954 510 1986 clamantes

255 2001 364 2032 mundi
388 2002 460 2041 luit,
487 2003 533 2033 sal
558 2005 671 2043 terrae,
697 2014 750 2044 gu-

528 2049 635 2091 berna,

138 2094 176 2126 V.
205 2094 376 2126 Doctorum
404 2096 513 2127 doctor
535 2096 653 2138 inclite,

206 2141 342 2172 Adiutor
367 2144 408 2184 tu,
436 2142 609 2187 Ieronyme‚

206 2188 244 2220 In
268 2188 471 2220 tribulatione
494 2198 651 2224 succurre.

328 2261 374 2288 Ad
391 2261 567 2297 Mag-nificat.

134 2319 173 2351 A.
205 2319 315 2351 Clarus
342 2319 452 2352 doctor

251 2368 283 2396 et
306 2366 360 2398 lux
383 2365 533 2408 fidelium,

901 667 992 698 Orbis
1013 667 1117 707 decus,

948 713 1091 745 candoris
1115 715 1224 754 lilium,

899 758 1017 790 Norma
1039 761 1133 802 vitae,

944 805 996 836 lex
1019 815 1138 838 morum
1162 811 1307 849 omnium,

898 850 988 882 Felix
1014 853 1092 883 caeli

942 898 1072 929 sortitur
1094 899 1246 933 bravium.

964 990 1025 1021 Ad
1047 990 1307 1024 Matutinum.

1025 1062 1235 1090 Invitatorium.

894 1118 999 1149 Omnis
1024 1119 1197 1157 sapientiae

936 1164 1054 1195 Ducem
1078 1166 1252 1206 adoremus,

892 1209 1062 1242 Doctorum
1088 1213 1238 1243 ecelesiae

938 1256 1101 1295 Specimen
1125 1258 1295 1291 laudemus,

950 1349 994 1380 In
1022 1349 1051 1381 1.
1078 1350 1302 1384 Nocturno.

1021 1422 1212 1458 Antiphonae.

833 1478 862 1509 l.
888 1477 1088 1510 Documentis
1113 1480 1226 1511 artium

933 1525 986 1556 Ad
1009 1526 1143 1563 primum
1169 1528 1309 1559 eruditus

886 1571 966 1602 Adit
988 1571 1049 1602 Dei
1070 1573 1207 1603 studium

931 1617 1055 1649 Virtute
1086 1619 1258 1651 redimitus.

826 1673 856 1705 2.
883 1671 1042 1704 Caelibatu
1066 1674 1246 1706 honestatus

926 1720 1078 1751 Ascendit
1091 1730 1242 1752 summum
1256 1723 1424 1764 cardinem,

881 1765 970 1797 Omni
994 1775 1114 1806 quoque
1140 1773 1368 1801 consummatus

926 1815 1028 1851 Aptus
1052 1814 1095 1845 ad
1119 1815 1347 1848 celsitudinem.

823 1868 853 1900 3.
880 1868 1066 1908 obiurgator
1095 1870 1242 1901 vitiorum

925 1914 1024 1946 Vocat
1046 1925 1160 1954 pravos
1185 1917 1325 1958 clericos,

878 1960 1112 1993 Exterminator
1142 1971 1282 1995 errorum

925 2007 1111 2041 Pessumdat
1133 2009 1317 2043 haereticos.

1013 2082 1217 2118 Responsoria.

820 2138 836 2169 1
843 2161 850 2169 .
875 2137 1037 2170 Ecclesiae
1061 2138 1199 2172 officium

922 2184 984 2216 Hic
1007 2186 1165 2219 ordinavit
1188 2189 1314 2231 rectius,

877 2230 1064 2263 Davidicum
1090 2235 1242 2274 eulogium

922 2278 1026 2310 Vertit
1051 2280 1090 2312 de
1113 2279 1201 2313 fonte
1225 2283 1337 2322 verius,

876 2323 1101 2365 Propheticum
1126 2328 1280 2368 eloquium

921 2371 1076 2412 Exposuit
1099 2374 1279 2416 perfectius,
