1650 2542
299 224 341 255 Et
365 223 479 262 vigoris
503 222 630 262 pristini

303 269 436 300 Datione
459 269 582 308 praedii

346 314 418 345 Dati
441 313 637 352 reformatur,

232 361 269 393 V.
299 361 347 392 Ibi
372 359 441 391 fons
466 360 637 391 scaturiens

298 407 366 438 Nec
390 407 491 437 adhuc
516 404 661 436 deficiens

347 453 434 483 Haec
457 450 651 482 testificatur.

242 509 272 539 2.
297 506 517 538 Transnatavit
540 504 668 536 fiumina

344 553 406 582 tria
431 552 478 582 vir
503 551 621 592 beatus,

297 598 414 628 Locum
439 597 499 627 sibi
524 597 712 635 quaeritans,

340 644 374 673 in
397 651 456 681 quo
478 643 658 681 tumulatus,

298 688 389 719 Nunc
412 691 499 727 patet
523 688 691 727 miraculis,

342 734 409 765 Deo
434 735 516 773 qnod
542 735 583 765 sit
607 737 730 774 gratus3

228 781 264 811 V.
293 780 381 811 Haec
404 783 476 811 sunt
499 781 561 811 tria
583 779 729 812 flumina:

342 826 468 857 Rhenus
493 829 524 857 et
548 826 683 868 Logena,

294 872 429 903 Mosella
452 881 509 912 per
533 873 676 913 scopulos

342 917 440 949 fluens
464 919 506 949 ad
530 927 668 950 amoena.

239 974 271 1006 3.
298 973 390 1004 Felix
415 974 493 1004 haec
516 973 657 1012 basilica,

345 1028 436 1058 quam
460 1018 606 1051 fundavit
630 1028 700 1050 erus

296 1066 333 1097 In
358 1066 470 1097 devexi
494 1066 614 1105 scopuli

344 1112 461 1142 vertice
483 1112 663 1151 Dithgerus,

295 1157 392 1195 Quam
418 1158 492 1189 colit
515 1166 590 1197 gens
614 1158 749 1197 plurima

342 1204 533 1243 devotusque
557 1205 674 1243 clerus3

226 1249 264 1282 V.
293 1250 331 1281 In
356 1250 416 1280 hac
439 1250 550 1281 laudes
573 1250 689 1290 iugiter

339 1295 406 1327 Deo
433 1297 647 1336 decantantur,

292 1342 375 1373 Inibi
398 1341 537 1373 fidelium

339 1397 449 1427 preces
473 1389 682 1420 immolantur.

383 1472 430 1504 In
453 1472 679 1504 Laudibus.

438 1545 630 1580 Antiphonae.

240 1602 270 1634 1.
297 1602 515 1634 Convocantur
538 1602 699 1641 praesules

340 1648 472 1687 denique
495 1649 645 1687 primates

291 1693 335 1724 Et
357 1694 458 1725 clerus
484 1703 552 1725 cum
575 1694 690 1733 populo

337 1740 404 1770 Deo
429 1740 651 1779 supplicantes

234 1796 264 1826 2.
289 1794 396 1825 Timor
421 1803 525 1825 omnes
552 1795 697 1846 concutit,

337 1849 395 1871 nec
420 1845 467 1872 est
491 1848 563 1872 vere
586 1841 707 1883 mirum,

970 220 1058 257 Quod
1083 220 1180 251 solum
1205 229 1267 252 non
1291 222 1439 260 poterant

1013 266 1147 304 sepelire
1171 267 1282 300 virum.

935 345 942 352 .
970 321 1114 361 Quisque,
1140 323 1223 361 quod
1246 322 1355 353 utilius

1014 369 1071 407 est,
1097 368 1202 399 studet
1225 369 1334 410 ordiri,

968 412 1047 450 Quid
1073 414 1115 444 sit
1138 413 1306 455 efficacius,

1013 460 1121 498 nequit
1143 460 1287 492 inveniri.

934 540 941 546 .
967 514 1108 545 Tandem
1133 523 1245 554 corpus
1268 515 1376 547 linteri

1013 561 1127 591 tollunt
1150 561 1382 600 imponendum,

967 606 1062 644 Quem
1086 608 1227 645 providit
1245 607 1397 638 Dominus

1012 653 1080 683 loco
1106 652 1321 685 deferendum.

934 732 942 739 .
968 706 1158 738 Benedictus
1181 707 1342 746 Dominus,

1013 754 1098 784 nullo
1125 754 1295 793 remigante

964 799 1068 831 Locus
1093 800 1185 831 adest
1209 801 1293 831 ocius

1012 854 1092 876 nave
1115 849 1315 886 properante.

1083 919 1127 946 Ad
1141 920 1322 947 Benedictus.

965 974 1154 1006 Benedictus
1179 976 1339 1014 Dominus,

966 1020 1003 1051 In
1028 1021 1113 1052 cuius
1141 1022 1318 1061 aspectibus

966 1066 1081 1097 Beatus
1107 1067 1279 1099 Lubentius

1010 1113 1068 1144 Est
1093 1114 1305 1156 tripudiando,

964 1160 1038 1197 Ipse
1062 1160 1126 1190 suis
1148 1160 1294 1198 precibus

963 1206 1024 1237 Pro
1049 1206 1164 1237 nostris
1189 1207 1327 1238 reatibus

960 1251 1090 1283 Veniam
1114 1253 1314 1291 poscentibus

1009 1298 1159 1337 Impetret
1185 1299 1315 1331 orando.

1032 1390 1077 1421 In
1103 1392 1134 1422 2.
1161 1392 1374 1431 Vesper-is.

1079 1463 1124 1491 Ad
1142 1463 1321 1499 Magnificat.

964 1519 1110 1552 Celebret
1135 1521 1257 1553 devotio

1008 1570 1116 1598 sancta
1141 1566 1361 1607 confessorem,

961 1612 1057 1650 Quem
1081 1614 1114 1644 in
1138 1614 1365 1653 temporalibus

1005 1659 1101 1691 habet
1123 1661 1317 1699 provisorem

960 1705 1055 1743 Apud
1081 1705 1141 1737 Dei
1165 1705 1262 1736 filium

1007 1754 1038 1781 et
1061 1751 1311 1791 intercessorem,

959 1796 1030 1828 Non
1058 1807 1116 1836 pro
1140 1798 1337 1838 negligentiis

1005 1847 1040 1874 ut
1061 1847 1284 1876 accusatorem.

293 1905 411 1939 Antiph.
441 1913 492 1931 ms.
522 1905 692 1931 Trevirense
725 1913 798 1932 saec.
827 1904 869 1933 15.
913 1906 980 1934 Cod.
1011 1907 1104 1943 Capit.
1128 1910 1276 1936 Treviren.
1306 1918 1329 1936 s.
1357 1919 1385 1936 n.
1409 1910 1444 1937 A.
1468 1925 1506 1928 —

838 1943 906 1970 Coti.
933 1945 1025 1979 Capit.
1049 1946 1198 1973 Treviren.
1226 1944 1287 1972 172.
1315 1947 1348 1973 Β.
1369 1963 1405 1966 -
1426 1948 1448 1974 Β
1468 1949 1508 1974 ist

221 1941 338 1976 Antiph.
364 1950 415 1968 ms.
443 1943 613 1969 Trevirense
640 1950 714 1969 saec.
743 1940 787 1969 15.

573 1994 600 1997 -
603 1979 670 2006 In
690 1977 715 2005 2.
727 1980 830 2007 Noct.
851 1979 873 2006 Α
897 1980 921 2014 1,
941 1979 959 2009 3
979 1983 1125 2009 iuveniA.
1139 1980 1275 2010 —1n3.
1293 1984 1394 2010 Noct.
1410 1982 1474 2019 Α2,
1491 1983 1504 2010 1

221 1978 311 2004 leider
329 1979 553 2013 unvollstfindig.

221 2014 349 2041 Cubruni
367 2016 401 2042 A.
421 2031 459 2035 —
479 2015 497 2040 R
518 2014 543 2048 3,
562 2014 582 2043 4
602 1994 669 2042 dnth
672 2024 756 2050 gerus
776 2017 834 2044 AB.
854 2033 891 2037 —
909 2019 952 2045 In
970 2019 1078 2046 Laud.
1098 2018 1120 2045 Α
1140 2019 1167 2052 4,
1188 2018 1205 2047 3
1225 2020 1371 2055 praevidit
1389 2021 1448 2046 ΑΒ.
1469 2035 1504 2039 -

219 2051 315 2078 Hiezu
334 2052 384 2078 der
403 2052 537 2085 Hymnus
557 2053 641 2079 Anal.
661 2053 726 2087 ΧΠ,
746 2054 800 2080 No.
822 2052 884 2081 281.

678 2133 725 2163 90.
757 2134 800 2164 De
820 2136 924 2166 sancto
945 2136 1045 2167 Lucio.

355 2191 402 2222 In
428 2190 459 2222 1.
485 2191 697 2231 vesperis.

431 2254 623 2288 Antiphonae.

232 2301 263 2334 1.
288 2301 441 2340 Laudate,
467 2301 565 2341 pueri,
591 2302 767 2342 Dominum,

288 2347 346 2385 Qui
370 2347 493 2378 beatum
521 2347 650 2379 Lucium

944 2195 1084 2227 Puerilia
1107 2195 1256 2227 vitantem

946 2242 982 2272 In
1007 2241 1100 2272 caelis
1121 2240 1206 2273 fovet
1222 2252 1305 2275 nunc
1320 2244 1499 2278 laetantem.

889 2307 920 2338 2.
945 2305 1501 2350 LaudateDominum,omnesgenteS,

946 2352 1044 2382 Prece
1066 2351 1156 2383 Lucii
1181 2353 1374 2387 confidentes
