1650 2542
710 109 966 144 —149—

321 194 366 225 In
392 195 421 226 3.
448 195 672 233 Nocturno.

400 277 591 313 Antiphonae.

205 349 236 381 1.
262 351 442 383 Audierunt
469 353 613 394 discipuli

255 395 432 429 Beatissimi
456 403 621 438 praeconis

260 442 376 475 Necem
401 445 449 475 sui
475 446 637 490 didascali,

260 488 464 529 Triumphum
490 502 611 533 quoque
635 497 752 535 agonis.

204 553 235 583 2.
259 553 303 584 Et
328 562 440 594 corpus
466 558 531 589 eius
554 560 691 591 tulerunt

258 599 333 631 Cum
359 610 478 634 summa
502 607 680 637 reverentia

256 646 402 687 illudque
426 651 618 689 sepelierunt

254 692 291 723 In
317 693 448 726 Sebaste
472 696 623 731 Samaria.

195 756 226 787 3.
253 756 290 787 ln
316 760 469 792 curriculo
494 764 643 802 temporis

253 804 368 835 Iuliani
392 810 555 846 apostatae

253 850 331 881 Ossa
355 854 471 884 sacrati
497 857 635 894 corporis

252 895 392 928 Gentiles
417 905 600 938 sparserunt
620 903 694 935 late.

383 990 586 1025 Responsoria.

192 1052 219 1083 1.
248 1052 432 1086 cremantur
455 1057 524 1088 loca
547 1059 669 1099 iterum,

246 1098 291 1129 Et
315 1101 462 1140 reliquias
488 1104 625 1135 cinerum

293 1145 483 1184 sparserunt
506 1150 538 1181 in
563 1160 655 1183 auras
680 1154 763 1185 venti

243 1191 452 1225 Tabescentes
477 1195 597 1228 invidia

243 1238 304 1269 Pro
329 1239 492 1280 insignium
520 1243 620 1282 gloria

288 1284 409 1318 Gollata
432 1288 574 1328 ingratae
595 1292 690 1329 genti.

173 1330 209 1360 V.
240 1330 401 1364 Percussit
416 1334 578 1367 Dominus
603 1346 709 1370 omnes
727 1340 783 1370 ad-

240 1381 399 1410 versantes
417 1381 443 1411 ei
459 1381 528 1413 sine
545 1392 653 1421 eausa,
680 1385 783 1418 dentes

232 1428 438 1461 peecatorum
462 1428 618 1462 contrivit.

184 1488 215 1519 2.
242 1489 305 1520 Sed
327 1490 422 1533 Deus,
451 1491 552 1525 factor
576 1496 720 1540 omnium,

238 1535 289 1567 Ad
312 1545 436 1570 suorum
462 1540 609 1572 solacium

283 1582 374 1614 Fecit
394 1594 523 1623 prorsus
548 1596 609 1619 non
632 1590 752 1629 privari

235 1628 345 1660 Tantis
371 1632 476 1663 orbem
502 1634 652 1674 reliquiis,

234 1674 302 1706 Nec
324 1686 435 1716 passus
461 1682 507 1710 est
532 1680 570 1711 ab
595 1682 699 1722 impiis

279 1722 436 1756 Fidelium
461 1735 549 1765 spem
575 1726 732 1770 frustrari,

163 1765 200 1798 V.
233 1769 360 1801 Memor
399 1774 651 1813 congregationis
684 1786 773 1821 suae,

232 1823 330 1853 quam
347 1818 492 1856 possedit
515 1821 554 1851 ab
578 1822 684 1855 initio.

174 1881 203 1911 3.
230 1879 313 1911 Dum
338 1891 409 1914 ossa
433 1893 524 1916 sacra
548 1888 704 1928 tollerent,

234 1927 276 1959 Ut
301 1936 337 1960 ea
361 1928 492 1962 flammis
517 1937 654 1974 urerent,

276 1975 407 2014 Quidam
432 1979 669 2018 ierosolymitae

229 2021 373 2054 Admixti
399 2025 617 2064 colligentibus

226 2067 385 2101 Nonnulla
412 2071 459 2103 his
484 2074 681 2112 torpentibus

273 2115 465 2150 occulebant
487 2120 632 2153 sollicite.

157 2159 191 2191 V.
221 2160 252 2192 A
279 2162 422 2196 Domino
455 2166 578 2205 sactum
608 2171 652 2200 esf
683 2170 770 2203 istud

223 2210 252 2239 et
265 2210 309 2240 est
320 2210 466 2243 mirabile
478 2213 514 2244 in
527 2214 627 2247 oculis
637 2218 765 2251 nostris.

1019 206 1035 237 Ι
1043 216 1063 238 n
1087 207 1115 238 L
1124 217 1143 239 a
1150 218 1171 239 u
1181 209 1220 240 di
1229 209 1249 241 b
1258 220 1278 241 u
1287 220 1312 245 s,

1071 270 1262 306 Antiphonae.

896 339 904 347 .
930 316 1086 349 Truncato
1110 318 1143 349 in
1166 320 1286 352 Arabia

930 363 1137 395 Praecursore
1158 367 1338 407 tumulatur,

930 408 1031 447 Caput
1055 411 1120 441 eius
1144 411 1176 443 in
1200 414 1300 456 Aelia,

928 455 1012 493 Quae
1036 456 1204 489 Ierusalem
1228 463 1366 495 vocatur.

876 509 878 511 ·
896 525 902 531 .
924 501 1005 532 Illuc
1029 503 1139 534 orandi
1162 506 1264 543 gratia

925 546 995 578 Duo
1019 550 1163 580 monachi
1186 555 1338 583 venerunt

927 591 989 623 Sub
1014 595 1167 634 principis
1191 599 1381 641 monarchia,

925 638 1020 677 Quem
1045 641 1240 674 Marcianum
1264 649 1417 679 asserunt.

892 717 899 725 .
924 693 1103 734 Iisdemque
1127 697 1266 736 baptista
1291 699 1417 741 Christi,

926 739 1027 778 Caput
1049 750 1137 773 suum
1162 745 1323 785 revelavit,

924 785 986 817 Sed
1011 787 1070 818 hoc
1093 790 1302 827 perdiderunt
1324 793 1387 831 isti,

921 831 963 862 Et
988 841 1092 864 eorum
1115 844 1187 874 spes
1212 839 1343 870 nutavit.

888 912 894 918 .
921 886 1002 917 Nam
1028 889 1100 920 dum
1124 891 1241 922 incauti
1263 893 1391 924 nimium

922 931 1014 964 Circa
1039 937 1233 968 commissum
1258 937 1356 979 fuere,

919 978 1005 1010 Talis
1030 981 1168 1012 thesauri
1191 985 1326 1022 pretium

918 1024 1103 1057 Meruerunt
1125 1037 1187 1059 non
1213 1029 1337 1061 habere.

884 1104 890 1111 .
917 1079 991 1110 Post
1015 1080 1092 1112 haec
1115 1092 1188 1115 vero
1213 1083 1249 1116 fit
1272 1086 1426 1124 perlatum

915 1125 952 1156 In
976 1126 1131 1159 Emissam
1156 1130 1342 1163 Phoeniciae

913 1171 958 1202 Et
980 1173 1012 1203 in
1034 1182 1112 1205 urna
1137 1181 1352 1209 conservatum

916 1217 979 1249 Sub
1005 1222 1090 1252 terra
1114 1222 1204 1254 nimis
1229 1224 1333 1263 impie.

1028 1284 1073 1310 Ad
1092 1285 1272 1314 Benedictus.

874 1353 881 1360 .
907 1329 987 1360 Illuc
1012 1331 1111 1363 denuo
1137 1337 1336 1375 monstratur,

912 1374 968 1412 Qui
993 1377 1026 1407 in
1051 1386 1146 1416 specu
1168 1381 1359 1423 morabatur,

956 1423 1108 1456 Marcello
1135 1426 1256 1458 cuidam
1281 1428 1396 1471 abban,

909 1468 1112 1502 Transfertur
1135 1472 1306 1505 honorifice

907 1514 958 1545 Ab
983 1516 1092 1547 eodem
1116 1518 1273 1560 pontifice,

954 1561 1013 1599 Qui
1034 1568 1182 1601 praeerat
1206 1567 1335 1598 civitati.

976 1645 1020 1676 In
1044 1648 1074 1678 2.
1100 1648 1314 1687 Vesperis.

1013 1710 1056 1736 Ad
1073 1710 1251 1746 Magnificat.

834 1754 872 1785 A.
901 1755 1018 1788 Praeco
1043 1760 1171 1797 superni
1195 1761 1317 1802 iudicis,

903 1801 1093 1836 Praecursor
1117 1808 1227 1838 summi
1248 1809 1395 1852 vindicis,

949 1849 1185 1890 Paranymphus
1211 1856 1318 1893 sponsi
1342 1858 1419 1897 veri,

901 1895 1004 1927 Multa
1026 1906 1137 1935 passus
1161 1900 1299 1932 ludibria

901 1940 1120 1982 Triumphavit
1144 1954 1202 1984 per
1226 1949 1338 1988 omnia,

947 1988 1014 2020 Nec
1038 1991 1141 2029 potuit
1164 1992 1284 2025 aboleri

898 2033 1016 2067 Domus
1039 2037 1072 2068 in
1096 2041 1187 2077 petra
1212 2041 1323 2080 posita,

898 2080 978 2112 Nam
1002 2083 1077 2114 iusti
1102 2087 1287 2126 recordatio,

895 2128 1049 2168 Pigmenti
1079 2134 1260 2172 compositio

896 2175 940 2207 Ut
964 2177 1026 2207 mel
1053 2177 1152 2210 dulcis
1178 2183 1210 2210 et
1232 2182 1352 2213 musica

894 2222 932 2253 In
953 2223 1018 2254 vini
1044 2226 1197 2257 convivio.

227 2263 310 2290 Rrev.
339 2274 389 2292 ms.
415 2267 561 2297 Verdense
587 2278 661 2299 saec.
683 2271 726 2300 15.
770 2274 838 2302 cod.
863 2276 1026 2305 Berolinen.
1053 2280 1115 2307 Fol.
1140 2278 1195 2308 380
1221 2283 1271 2310 Nr.
1301 2282 1314 2310 1
1342 2285 1376 2311 A.
1401 2300 1439 2305 —

151 2301 232 2327 Brev.
260 2310 311 2328 ms.
340 2301 368 2329 S.
388 2303 513 2340 Wiperti
537 2316 611 2335 saec.
635 2308 678 2336 15.
722 2311 790 2339 Cori.
812 2314 1055 2350 Quedlinburgen.
1078 2316 1137 2345 189.
1160 2320 1191 2345 B.
1219 2335 1255 2338 —
1283 2321 1365 2348 Brev.
1385 2331 1437 2349 ms.

149 2339 372 2374 Hamburgense
398 2349 471 2370 saec.
504 2343 545 2371 14.
587 2346 654 2373 Cod.
680 2348 820 2377 Dresden.
846 2351 870 2378 P
899 2350 960 2379 158.
982 2354 1012 2380 G.
1050 2371 1071 2374 —
1101 2356 1184 2383 Brev.
1205 2366 1256 2384 ms.
1275 2359 1437 2388 Lubicense
