1650 2542
743 129 993 163 —240—

312 226 465 256 Fassurus
491 225 646 257 Christum
975 219 1096 251 Turbas
1123 218 1208 249 ducit
1231 223 1414 256 pauperum,

359 270 588 310 salvificamque
610 270 713 302 fidem.
1021 265 1153 303 Quorum
1179 264 1242 303 egit
1265 270 1388 300 curam,

976 311 1054 350 Regi
1076 319 1147 342 mox
1169 309 1305 341 innotuit

1020 357 1111 388 Foris
1139 359 1223 388 stare
1246 355 1358 393 virum,

974 404 1070 442 Quem
1093 411 1149 434 rex
1175 410 1243 433 esse
1268 399 1386 431 censuit

1020 449 1183 487 Hebetem,
1211 448 1362 486 delirum3

906 497 943 528 V.
976 496 1020 527 Et
1045 495 1201 527 Christum
1225 493 1351 533 publice

255 537 286 568 3.
310 535 371 566 Dic
394 535 448 565 ubi
471 538 543 566 sunt
565 544 667 576 gazae,
974 542 1081 573 Fateri
1106 541 1265 580 praeduce

357 589 433 620 quas
449 581 588 612 novimus
605 589 671 611 esse
688 589 783 619 penes
796 581 849 610 te?
1023 587 1169 618 &audens
1192 585 1377 625 Hippolyto,

313 626 377 667 Sin,
403 626 461 657 tibi
487 626 616 657 debetur

355 672 463 703 mortis
488 681 594 703 amara
615 673 691 704 lues.

255 336 282 367 2.
315 335 418 366 Visum
444 345 499 366 rex
524 336 621 366 oculis

359 381 455 412 torvis
480 382 605 412 metitur
630 383 661 411 et
683 381 762 411 iram

312 427 407 458 Vultu
432 426 588 457 confessus

357 471 547 503 vociferatur
569 472 630 503 ita:

919 653 951 684 4.
977 652 1173 682 Inducuntur
1197 657 1353 689 pauperes

1022 695 1111 728 Infra
1134 696 1216 735 regis
1241 695 1360 732 aedem,

254 738 285 769 4.
312 735 490 767 Servandus
514 736 618 767 triduo
978 743 1066 774 Tunc
1092 745 1213 782 martyr
1237 742 1279 773 ad
1299 749 1446 780 proceres

358 782 480 821 rapitur
504 782 560 813 sub
584 783 653 813 iure
676 781 803 821 tribuni,
1025 789 1069 820 Et
1092 788 1133 820 ad
1158 788 1240 828 reg-is
1264 788 1369 819 sedem

310 828 440 859 Factum
464 829 503 859 de
526 829 628 860 medio
980 835 1112 866 Versus:
1138 834 1197 877 En,
1225 834 1365 876 pecunia,

358 883 464 906 carcer
488 883 602 914 opacus
626 874 730 906 habet.
1024 882 1139 923 Inquit,
1166 890 1257 920 quam
1281 880 1407 920 rogatis,

258 941 289 971 5.
316 939 458 971 Carceris
482 940 513 970 in
541 940 674 970 claustro
978 928 1036 959 His
1061 936 1118 967 P1'0
1145 927 1261 959 Chris‘ti
1284 927 1385 966 gratia

357 988 535 1016 reserantur
561 986 696 1017 claustra
720 985 837 1026 salutis,
1008 974 1134 1026 ‚TOfaffl
1162 974 1235 1006 (ledi
1260 974 1367 1026 gfafisa

313 1031 377 1063 Dat
398 1032 502 1062 lumen
527 1040 617 1062 caeco
908 1022 945 1053 V.
975 1021 1142 1059 Dispersos
1165 1020 1342 1051 humanitus

358 1078 626 1117 christicolamque
650 1076 735 1108 facit.
979 1067 1145 1106 ROSigssffl'i
1169 1067 1297 1098 caelitus

554 1143 560 1149 .
1025 1113 1200 1144 Thesauros
1224 1121 1286 1144 non
1308 1112 1424 1144 dubito.

257 1143 287 1174 6.
313 1142 381 1173 Rex
405 1145 498 1173 vocat
520 1143 736 1181 Hippolytum,

362 1187 417 1219 sub
436 1197 494 1227 quo
511 1191 585 1219 tunc
597 1189 718 1220 vinetus
731 1188 851 1227 agebat,

317 1233 402 1265 Clam
427 1234 487 1265 sibi
513 1235 622 1265 donari
1029 1253 1074 1283 In
1101 1252 1119 1283 3
1158 1250 1390 1282 Nocturna

359 1281 469 1311 suadet
492 1283 523 1311 et
547 1284 615 1312 orat
640 1288 722 1320 opes.
1124 1276 1131 1283 '

1120 1332 1166 1359 Ad
1186 1332 1314 1359 Cantica.

908 1401 947 1430 A.
978 1398 1183 1430 Decantande

1027 1445 1111 1476 dulci
1134 1445 1279 1484 melodia,

448 1371 649 1406 Responsoria.

258 1426 288 1458 1.
316 1426 393 1465 Quid
418 1435 468 1457 me
490 1435 605 1466 moves,
631 1427 825 1467 Hippolyte?

314 1472 347 1503 Si
372 1473 487 1503 lucrari
512 1473 557 1503 vis
583 1473 641 1504 tibi
664 1476 705 1511 te,

977 1491 1044 1522 Deo
1069 1494 1175 1522 nostro

361 1518 408 1549 Ne
432 1527 500 1571 cum
524 1520 637 1551 mundo
661 1528 780 1561 pereas,
1024 1536 1150 1568 affectus
1175 1537 1282 1568 numia

316 1564 432 1596 Census
459 1567 548 1605 v1tae,
574 1574 700 1604 regnum
724 1566 785 1597 Dei
975 1584 1037 1615 Per
1060 1587 1092 1614 te
1112 1583 1173 1614 Dei
1285 1561 1293 1579 '

316 1611 518 1650 Repromitto,
544 1612 571 1642 si
594 1615 626 1642 te
650 1613 694 1642 rei

365 1656 589 1688 Consensurum
614 1667 744 1700 voveas;

245 1702 283 1735 V.
312 1702 386 1733 Fiat
409 1711 491 1743 ergo,
515 1703 625 1742 inquit,
651 1705 737 1742 prius

315 1748 423 1790 Crede,
450 1758 509 1787 quo
533 1752 565 1779 te
586 1748 676 1781 favor
701 1750 769 1781 dius

361 1794 555 1833 Baptizatum
579 1796 694 1827 visitet.

1026 1630 1198 1661 reddantur
1224 1630 1354 1668 gratiae,

979 1675 1060 1713 Quos
1090 1674 1203 1714 affligit

1026 1721 1119 1752 vallis
1144 1721 1298 1759 miseriae,

980 1768 1097 1800 Christi
1120 1770 1249 1806 martyr,

1026 1823 1082 1845 ora
1105 1823 1161 1852 pro
1186 1814 1312 1855 populo,

259 1860 289 1891 2.
316 1858 431 1890 Christi
454 1862 572 1898 martyr
595 1861 681 1899 signo
707 1861 807 1892 crucis
981 1860 1040 1898 Qui
1064 1860 1205 1899 captivus

319 1904 425 1936 Caeeis
449 1908 588 1944 praestat
611 1916 684 1937 usus
707 1907 784 1938 lucis
1027 1910 1074 1937 est
1097 1907 1130 1937 in
1155 1906 1214 1937 hoc
1238 1907 1371 1940 saeculo.

361 1951 427 1990 Ope
452 1952 525 1983 data
549 1953 687 1994 caelitus,

316 1996 410 2036 Signa
433 1998 542 2029 videns
566 1999 633 2029 sitit
657 1998 760 2038 fidem,
1114 1999 1317 2033 Responsoria.

316 2042 392 2073 Mox
413 2043 446 2073 in
471 2043 594 2075 Christo
616 2046 699 2084 sapit
721 2046 815 2086 idem,
926 2065 956 2096 1·
982 2064 1081 2103 Tolle,
1108 2064 1220 2095 clamat
1245 2063 1371 2106 Decius>

362 2088 437 2119 Mox
463 2090 564 2120 credit
587 2091 795 2131 Hippolytus3

248 2135 287 2165 V.
320 2134 396 2165 Mox
421 2143 489 2165 cum
515 2136 603 2167 domo
629 2146 684 2169 sua
705 2141 771 2170 tota

316 2180 498 2219 Baptizatus
521 2181 584 2213 fide
608 2186 682 2214 nota

365 2226 486 2259 Christo
510 2228 619 2266 plenus
644 2230 749 2263 enitet.

1023 2110 1122 2141 Fatur
1148 2110 1200 2140 hic
1222 2110 1355 2149 impura,

981 2157 1093 2188 Pereat
1115 2155 1301 2188 Laurentius

1025 2202 1117 2233 quta
1137 2202 1241 2240 legum
1263 2202 1342 2243 iura,

975 2248 1106 2279 Temere
1131 2248 1283 2287 desipere,

260 2293 289 2325 ὅ.
315 2292 523 2331 Regressurus
546 2293 658 2324 iterum
981 2294 1103 2326 Nedum
1130 2296 1204 2325 deos
1228 2304 1379 2334 spernere

363 2338 457 2378 Regis
482 2339 523 2370 ad
546 2347 706 2372 censuram
1027 2340 1113 2371 Parit
1135 2341 1295 2383 nocitura3
