1650 2542
684 155 727 159 —
777 135 839 170 121
891 155 934 160 —

611 226 654 257 41.
684 226 726 256 De
746 227 850 257 sancto
869 226 1012 256 Huberto.

303 291 347 323 In
375 292 403 324 1.
428 292 642 332 Vesperis.

376 366 568 401 Antiphonae.

203 448 209 454 .
236 423 437 462 Respiremus
461 423 494 454 in
518 423 602 454 beati

283 470 418 501 Huberti
441 471 602 510 memoria,

237 516 301 547 Nos
325 516 425 556 ipsius
450 516 618 555 praeditati

284 562 430 602 Corporis
455 563 640 605 praesentia,

237 609 463 649 Consurgamus
493 609 619 640 excitati

282 657 319 688 1n
345 657 410 687 eius
430 656 607 696 praeconia.

202 736 209 743 .
236 712 398 742 Insecutus
421 711 571 743 nobilium

236 758 328 789 Ritus
353 758 609 789 adulescentium.

282 804 414 836 Militari
440 804 560 843 cingulo

235 851 310 883 Sese
333 851 536 890 praecingens
559 851 673 882 nobilis

234 898 272 929 In
297 906 453 928 armorum
479 900 525 928 est
550 897 664 928 habilis

280 943 346 975 Usu
371 944 498 982 placens
523 944 648 983 populo.

201 1023 207 1029 .
233 999 296 1030 Hic
319 1000 494 1039 Aquitanus
519 1007 632 1038 genere

234 1046 354 1077 Turriti
378 1046 460 1085 regis
485 1049 626 1084 tempore

281 1092 407 1131 Regalis
431 1092 541 1131 palatii

235 1138 344 1170 Comes
367 1138 540 1180 insignitus⁷

233 1185 269 1216 In
296 1184 445 1216 doctrinis
472 1184 612 1215 eruditus

280 1231 428 1264 Literalis
453 1230 558 1261 studii.

201 1313 208 1320 .
235 1286 298 1319 Sub
323 1286 476 1326 coniugali
500 1285 627 1317 foedere

284 1333 465 1366 Castitatem
491 1332 593 1374 coluit,

233 1380 330 1418 Quam
353 1380 454 1410 iussus
480 1381 544 1409 erat
571 1378 690 1409 ducere

281 1425 418 1457 Uxorem
442 1426 488 1456 sic
508 1424 626 1462 habuit,

235 1472 324 1510 Quod
351 1472 420 1503 iura
443 1471 527 1502 thori
551 1474 659 1510 petere

283 1518 459 1557 Coniugalis
482 1517 613 1549 horruit.

198 1600 205 1607 .
231 1574 404 1605 Ebroinum
429 1573 606 1604 considerat

279 1622 462 1660 Promptum
486 1620 527 1650 ad
552 1619 711 1658 malitiam,

232 1667 329 1706 Quam
354 1675 422 1698 cum
448 1664 533 1697 ferre
556 1674 617 1696 non
641 1667 774 1705 poterat,

270 1714 412 1747 -Secessit
435 1713 468 1744 iu
491 1712 663 1753 Austriam,

230 1761 294 1794 Ubi
318 1769 375 1793 rex
399 1760 528 1800 Pipinus
554 1761 632 1799 erat,

278 1807 331 1838 Sic
352 1807 480 1846 reliquit
502 1806 680 1840 Franciam,

194 1887 200 1893 .
231 1863 256 1895 O
279 1862 430 1904 Huberte,
457 1864 565 1900 pastor
584 1861 646 1900 pie,

278 1917 398 1940 morum
423 1908 527 1940 virens
551 1905 702 1948 plantula,

231 1956 350 1989 Summi
372 1955 467 1995 regis,
492 1956 524 1985 te
550 1954 729 1985 collaudant

276 2001 458 2042 frequenter
481 2000 642 2043 miracula⁷

229 2050 338 2082 Hostis
363 2057 457 2081 saeva
482 2049 523 2080 da
545 2047 717 2087 prudenter

275 2104 465 2136 praecavere
487 2095 599 2133 iacula,

190 2168 198 2175 .
229 2144 343 2175 Poscas
367 2143 456 2174 nobis
481 2142 566 2181 apud
589 2141 691 2173 Deum

277 2190 370 2222 vitam
393 2197 487 2229 prece
511 2188 632 2220 sedula.

344 2263 388 2290 Ad
406 2262 584 2299 Magnificat.

190 2350 196 2356 .
227 2321 314 2354 Petri
338 2321 438 2353 clerus
462 2320 649 2352 iucundetur

273 2368 377 2400 Hodie
399 2367 521 2409 Leodii‚

845 1675 875 1706 3.

903 294 1056 325 Praesens
1082 302 1193 332 corpus
1218 296 1382 324 veneretur

950 340 1108 371 Praesulis
1134 339 1247 381 eximii,

904 386 949 418 Ut
972 386 1072 417 eidem
1097 385 1282 425 suffragetur

951 433 1017 472 Ope
1040 432 1216 471 patrocinii.

962 516 991 547 A
1008 516 1027 547 d
1051 515 1318 548 Matutinum.

1036 589 1246 615 Invitatorium.

904 646 1037 684 Christo,
1063 645 1128 684 regi
1154 643 1373 684 confessorum,

948 692 1115 723 Iubilemus
1140 692 1268 730 pariter,

904 738 999 776 Quem
1025 738 1136 769 civium
1161 746 1363 777 supernorum

949 785 1090 823 Hymnus
1115 784 1224 816 laudat
1244 784 1367 823 iugiter,

903 830 1018 869 Quibus
1040 831 1142 861 iunxit
1165 839 1245 869 apex
1267 838 1385 861 morum

948 876 1122 908 Hubertum
1147 877 1349 908 sollemniter.

965 969 1009 999 In
1036 968 1065 1000 1.
1092 968 1315 1000 NocturnO.

1042 1041 1234 1076 Antiphonae.

874 1125 880 1131 .
907 1099 1027 1130 Moram
1053 1098 1187 1137 Tungris
1213 1106 1280 1128 cum
1304 1097 1422 1130 faceret

950 1145 1075 1177 Iuvenis
1100 1144 1240 1184 egregius

902 1191 946 1222 Et
968 1191 1168 1222 Lambertum
1194 1194 1373 1230 agnosceret

949 1237 1069 1269 Morari
1093 1237 1234 1277 vicinius,

902 1284 1088 1324 Traiectum,
1114 1286 1149 1314 ut
1170 1284 1253 1315 hunc
1278 1286 1427 1321 cerneret,

948 1329 1120 1361 Descendit
1145 1330 1294 1364 velocius,

902 1385 995 1417 Hunc
1018 1384 1203 1417 Lambertus
1228 1385 1424 1424 amplexatur

949 1432 1029 1463 Dato
1053 1432 1141 1470 pacis
1166 1431 1281 1472 osculo,

903 1478 955 1509 Sic
984 1479 1016 1509 in
1042 1478 1107 1509 eius
1131 1478 1307 1516 hospitatur

948 1525 1058 1557 Comes
1082 1524 1269 1562 habitaculo,

901 1570 941 1602 Ei
966 1579 1086 1610 quoque
1111 1570 1343 1602 commendatur

949 1617 1095 1650 Caritatis
1120 1617 1251 1649 vinculo.

902 1674 977 1705 Post
1000 1681 1157 1704 sermones
1182 1672 1282 1704 sancti
1307 1672 1366 1703 viri

946 1719 1085 1759 Eiusque
1110 1719 1282 1759 consilium,

899 1766 975 1798 Post
998 1766 1094 1798 totius
1118 1766 1251 1805 reperiri

945 1813 1086 1845 Mutatus
1107 1813 1141 1844 in
1166 1813 1261 1844 alium

904 1860 1009 1891 Virum
1035 1868 1136 1891 comes
1163 1862 1194 1890 et
1217 1859 1324 1890 sortiri

947 1906 1030 1938 Cleri
1054 1907 1123 1938 vult
1146 1906 1343 1938 consortium.

1034 1980 1237 2015 Responsoria.

904 2036 1038 2069 Consilio
1062 2036 1164 2076 igitur,

945 2083 1106 2115 Lamberti
1131 2085 1179 2115 vir
1203 2087 1389 2116 memoratus

899 2130 1041 2162 Moribus
1065 2130 1215 2162 imbuitur

946 2177 1050 2209 divino
1074 2186 1145 2209 rore
1168 2178 1297 2218 rigatus,

898 2223 1033 2256 Caelitus
1057 2224 1232 2263 instruitur,

945 2271 1036 2303 modo
1061 2271 1130 2311 lege
1153 2271 1213 2303 Dei
1236 2272 1419 2311 meditatur,

831 2318 867 2349 V.
900 2317 1037 2349 Clericus
1064 2317 1213 2357 efficitur,

945 2364 1078 2396 Domino
1103 2365 1222 2397 servire
1245 2367 1385 2404 paratus.
