1650 2542
223 218 254 249 2.
280 218 417 252 Adiutus
446 220 561 252 virtute
584 223 720 266 Domini,

321 265 467 297 Caritatis
492 275 589 306 opera

366 312 522 344 Fideliter
546 319 703 357 operatus,

274 357 408 389 Caelesti
432 359 554 391 laetitia

316 404 410 436 quta
435 405 592 438 desideria

362 451 434 482 Non
458 449 519 482 fuit
543 451 720 488 frustratus.

213 504 244 536 3.
270 504 424 537 Innocens
448 507 591 539 manibus

316 551 360 583 Et
382 553 497 584 mundo
523 555 618 586 corde
642 557 720 588 vixit

267 597 328 628 Ille
356 598 405 629 vir
428 599 538 631 beatus

267 643 324 675 Cui
348 645 460 676 merito
484 646 634 678 Dominus

311 690 414 730 Large
437 692 609 733 benedixit,

266 736 311 767 Et
332 740 465 777 propter
489 748 584 778 opera
607 741 661 778 pia

264 782 301 813 In
326 792 423 822 regna
447 786 594 817 caelestia

310 829 402 861 Illum
430 831 614 863 introduxit.

359 941 403 973 In
427 941 657 976 Laudibus.

401 1014 592 1050 Antiphonae.

201 1069 232 1101 1.
255 1069 411 1101 Iohannes
437 1072 707 1113 eleemosynarius,

305 1117 486 1154 patriarcha
511 1119 667 1160 laudatus,

818 132 883 168 167
933 156 972 159 -—

941 229 1016 269 Egit
1039 231 1122 262 vitae
1145 232 1258 263 seriem

989 277 1092 316 egenis
1116 279 1290 312 miseratus,

884 351 916 381 2.
942 349 1038 387 Quem
1061 352 1095 382 in
1120 353 1189 383 visu
1211 356 1312 385 mater
1337 354 1470 396 Domini,

986 397 1087 429 olivae
1109 401 1194 430 serto
1219 398 1350 440 fulgida,

935 443 1051 474 Amare
1075 452 1109 474 se
1130 445 1292 477 admonuit

986 490 1081 521 corde
1105 494 1137 523 et
1159 494 1263 523 mente
1288 494 1410 532 cupida.

881 562 911 595 3.
938 561 1077 595 Caritate
1101 575 1174 597 mox
1197 566 1312 606 ignitus

982 609 1035 647 pia
1059 612 1189 643 resolvit
1212 613 1342 652 viscera,

936 655 982 687 Ut
1010 664 1181 695 pauperum
1205 659 1338 690 miseriis

982 706 1126 734 occurrat
1148 705 1237 744 larga
1262 705 1400 738 dextera.

880 775 909 805 4.
936 774 1018 806 Hinc
1042 775 1194 809 famentes
1218 788 1349 818 pascere

980 821 1035 853 Vir
1058 827 1183 855 sanctus
1208 835 1363 865 nunquam
1382 828 1475 859 desiit

931 866 975 897 Et
999 869 1101 907 egenis
1127 879 1308 902 succurrere

977 914 1131 953 Flagrans
1156 925 1279 956 semper
1303 919 1440 957 expetiit.

874 987 907 1017 5.
932 986 1026 1018 Hunc
1049 988 1158 1020 laudat
1184 991 1315 1022 ecclesia

976 1032 1098 1064 Pietate

931 1078 1093 1110 Viventem
1119 1089 1176 1119 per
1199 1085 1325 1114 saecula

975 1124 1012 1156 In
1038 1134 1142 1165 regno.

257 1195 341 1224 Brev.
370 1207 422 1226 ms.
453 1199 645 1229 Cracoviense
677 1205 746 1230 anni
773 1202 852 1232 1443.
900 1206 968 1233 Cod.
1002 1208 1094 1243 Capit.
1128 1210 1293 1238 Cracovien.
1327 1210 1371 1239 Sa.
1406 1214 1469 1240 add.

182 1242 259 1261 saec.
280 1233 353 1262 ¹¹5¹!16.
373 1252 409 1256 -—
428 1237 494 1264 Alle
513 1239 554 1264 im
567 1239 786 1267 Vorstehenden
807 1242 960 1270 fehlenden
973 1245 1055 1272 Teile
1074 1248 1230 1281 prosaisch.
1253 1262 1285 1266 —
1308 1250 1371 1285 Vgl.
1386 1250 1470 1277 hiezu

182 1271 237 1298 den
258 1272 391 1307 Hymnus
411 1273 494 1301 Anal.
514 1275 557 1302 1V
575 1276 625 1303 Nr.
646 1275 710 1304 298.

570 1413 616 1444 59.
649 1414 690 1445 De
711 1423 734 1445 s.
755 1416 891 1448 Iohanne
912 1417 1086 1451 Gualberto.

316 1499 361 1530 In
387 1499 417 1531 1.
445 1500 651 1540 Vesperis,

388 1572 580 1608 Antiphonae.

193 1627 221 1658 1.
249 1626 367 1659 Summi
392 1630 473 1669 regis
498 1631 589 1662 militi

249 1673 324 1705 Cum
348 1674 486 1708 nefando
512 1677 599 1709 Giezi

293 1722 450 1754 Proelium
477 1724 688 1765 committitur,

246 1766 355 1799 Victor
379 1769 534 1801 Iohannes
560 1772 689 1814 exstitit,

245 1814 355 1844 Hostis
380 1815 489 1846 ruinae
509 1819 621 1855 patuit.

189 1869 220 1901 2.
246 1869 350 1908 Pyrae
373 1871 509 1909 grandes
533 1873 650 1912 ignium

289 1916 428 1948 Fervide
453 1922 650 1959 consurgunt,

243 1962 321 1995 Piae
344 1972 455 2002 preces
481 1965 617 1997 hostium

290 2010 412 2042 Cuneos
439 2010 641 2046 confundunt.

187 2066 217 2097 3.
244 2065 373 2097 Transit
396 2066 510 2098 Petrus
534 2068 643 2100 hilaris

242 2113 280 2144 In
305 2113 408 2146 medio
432 2115 573 2147 torridae
597 2116 697 2159 molis,

243 2159 337 2192 Cuius
361 2160 420 2199 pili
443 2161 581 2200 poderis,

242 2205 338 2239 Dictu
361 2215 412 2237 res
436 2208 599 2249 mirabilis,

238 2252 276 2283 In
300 2253 385 2284 nullo
411 2254 589 2289 laeduntur.

182 2310 214 2341 4.
241 2308 392 2341 Pallianti
417 2311 538 2344 scelera

239 2355 420 2388 Perniciosa
443 2358 545 2401 nimis,

921 1506 1129 1539 Erubescenti
1154 1513 1264 1548 postea

922 1553 1068 1585 Seriatim
1092 1557 1195 1587 omnia

923 1600 1017 1631 Pater
1040 1600 1199 1640 patefecit.

849 1654 887 1687 R.
918 1655 1087 1688 Iubilemus
1114 1659 1303 1690 exsultantes

965 1711 1070 1734 omnes
1094 1713 1212 1736 summo
1237 1706 1360 1745 gaudio,

916 1748 966 1780 De
989 1758 1123 1789 superno
1148 1753 1234 1783 venit
1255 1755 1346 1791 pater

965 1796 1082 1828 Christ-i
1108 1796 1206 1829 fretus
1232 1800 1342 1838 clipeo,

916 1842 973 1880 Qui
999 1845 1145 1883 purgavit
1169 1845 1325 1877 Simoniae

957 1897 1048 1920 sacra
1072 1892 1190 1929 templa
1212 1892 1330 1934 nubilo,

847 1932 882 1966 V.
913 1933 1024 1966 Firma
1046 1934 1109 1967 fide
1132 1937 1282 1969 loricatus

961 1984 1009 2012 est
1032 1991 1137 2014 amore
1162 1983 1294 2017 fervido.

1029 2075 1075 2101 Ad
1093 2075 1268 2111 Magnificat.

843 2129 883 2159 A.
911 2129 1003 2161 Felix
1025 2131 1058 2162 in
1080 2132 1171 2164 uberi

956 2178 1059 2216 posita
1082 2181 1231 2212 montium

911 2222 1009 2255 Vallis
1035 2227 1159 2267 egregia

955 2272 1087 2308 protulit
1110 2274 1219 2314 lilium,

910 2316 1088 2361 Iohannem,
1115 2322 1217 2360 gratia

957 2365 1073 2405 quippe
1094 2367 1268 2411 mirificum,
