1650 2542
740 107 993 142 —150—

237 211 310 230 saec.
339 200 382 229 15.
423 201 489 229 Cod.
510 201 646 228 Lubicen.
672 199 708 226 ol.
734 197 779 226 62.
806 200 842 226 D.
869 213 905 218 ——
930 200 1011 226 Brev.
1033 207 1084 226 ms.
1106 199 1333 226 Monasteriense
1359 205 1433 224 saec.
1462 194 1505 223 15.

238 239 304 266 Coti.
324 239 528 266 Monasterien.
549 236 601 265 201
622 235 705 270 (204).
724 236 758 262 E·
780 250 816 254 —
836 237 918 264 Brev.
938 245 990 262 1115.
1011 236 1238 263 Monasteriense
1258 243 1331 262 saec.
1354 232 1396 261 15.
1436 234 1504 261 Cod.

236 276 444 303 Darmstadien.
472 273 534 302 950.
561 275 592 301 F.

234 313 461 339 Monasteriense
474 313 540 347 imp.
555 320 577 338 s.
591 312 610 338 1.
626 308 705 337 1489.
715 310 753 337 H.
773 324 809 328 -—
828 308 912 337 Brev.
928 310 1073 337 Verdense
1087 311 1154 345 imp.
1169 318 1191 336 s.
1205 310 1224 336 1.
1240 307 1321 337 1480.
1337 309 1360 336 Ι.
1373 324 1408 328 --
1421 309 1505 335 Brev.

232 350 384 376 Bremense
404 351 472 382 imp.
493 357 514 375 s.
528 349 548 375 1.
569 351 598 374 et
615 356 640 374 a.
654 347 690 374 K.
711 361 748 365 -
766 347 843 374 Viat.
858 347 1083 374 Hildesheimen.
1104 348 1171 382 imp.
1186 347 1305 382 Lipsiae
1326 344 1406 372 1516.
1421 346 1454 372 L.
1469 360 1505 364 —

229 386 270 413 In
289 384 315 412 2.
337 386 437 413 Noct.
457 384 479 411 Α
501 384 524 418 1,
543 384 557 411 1
577 385 777 411 sciscitabatur
792 384 828 410 D.
848 398 883 403 —
904 384 944 411 In
964 384 1073 411 Laud.
1095 382 1116 409 Α
1139 383 1162 415 1,
1177 382 1195 410 2
1208 385 1381 410 Praecursor
1394 382 1455 410 EG.
1468 396 1505 400 —-

231 421 253 448 Α
274 420 299 455 3,
323 421 336 448 1
359 422 549 456 Hiisdemque
568 421 656 454 ΑΕΗ,
678 420 829 454 Isdemque
850 421 882 448 G.

678 274 759 300 Brcv.
778 274 997 308 Hamburgense
1023 274 1091 308 imp.
1112 281 1134 300 s.
1154 273 1173 299 1.
1196 271 1276 300 1507.
1296 272 1331 300 G.
1361 286 1396 290 —
1420 271 1505 298 Brev.

618 527 664 558 52.
700 526 743 558 De
762 535 786 558 s.
805 527 945 559 Iohanne
964 528 1113 568 Baptista.

363 596 407 627 111
432 597 461 627 1.
487 596 702 635 VesperiS.

408 667 499 703 Super
517 668 656 695 Psalmos.

247 725 276 756 1.
303 724 370 754 Vox
393 724 538 763 iucunda,
565 732 617 755 cor
642 725 809 764 exsultans,

301 769 409 800 Vultus
433 770 534 800 laetus
558 770 603 800 nil
627 771 785 801 occultans

301 816 338 847 In
362 824 395 846 se
418 815 539 855 maesti,
564 817 643 847 tanti
668 815 740 847 festi

346 861 487 892 Psallant
509 861 540 892 in
566 862 755 902 obsequium,

346 907 411 944 Quo
435 906 472 938 fit
496 908 581 938 caelo
605 908 759 947 gaudium.

240 964 271 995 2.
297 961 385 993 Haec
409 965 455 992 est
480 962 554 1000 dies,
587 972 677 1001 quam
701 964 837 995 sacravit

299 1008 515 1040 Praecursoris
541 1011 572 1039 et
596 1009 699 1041 beavit-

346 1053 431 1084 Mors
455 1054 688 1097 pretiosissima,

298 1099 386 1130 Mors
410 1103 537 1130 aeterna
560 1100 653 1132 laude
678 1101 780 1140 digna,

296 1145 403 1184 Mors,
449 1154 537 1184 quam
578 1147 661 1177 vitae
700 1147 834 1186 probant

613 1193 710 1232 signa,

343 1236 437 1275 Signa
460 1238 718 1275 praeclarissima.

243 1292 272 1324 3.
300 1291 413 1323 Carcer
436 1292 468 1322 in
492 1293 651 1333 palatium,

296 1337 412 1368 Luctus
436 1337 468 1368 in
492 1338 639 1369 solacium

341 1382 486 1413 Iohannis
510 1387 656 1423 mutatur,

299 1429 426 1459 Festum
450 1429 482 1459 in
507 1431 701 1470 supplicium,

299 1474 336 1505 In
361 1474 476 1505 luctum
502 1476 668 1507 dominium

343 1520 479 1552 Herodis
502 1520 653 1556 firmatur.

243 1576 274 1607 4.
301 1575 380 1614 Ave,
407 1576 506 1606 dulcis
530 1578 718 1618 patriarcha,

297 1620 499 1653 Fluctuantes
523 1632 579 1654 nos
603 1624 635 1654 in
657 1633 730 1655 arca

342 1667 410 1705 Iugi
435 1668 491 1698 sub
519 1669 644 1707 diluvio,

295 1712 400 1743 Morte
422 1713 518 1744 vitam
544 1715 585 1745 da
608 1715 699 1746 beata

296 1757 479 1797 Terminari‚
508 1768 598 1798 quam
623 1761 715 1793 beata

343 1803 555 1843 Subsequatur
579 1806 666 1840 visio.

411 1885 456 1912 Ad
474 1887 648 1923 Magnificat-

227 1941 266 1973 A.
296 1941 320 1972 O
347 1940 472 1973 Christe
495 1944 656 1985 mirabilis,

298 1986 389 2017 Cuius
414 1988 622 2021 inscrutabilis

297 2032 355 2063 Via
378 2034 558 2076 sapientiae,

296 2077 399 2109 Decus
423 2079 627 2121 innocentiae,

296 2123 447 2155 Iohannes
467 2125 619 2165 Baptista,

297 2169 388 2200 Vitae
411 2172 629 2214 magisterium,

297 2214 411 2246 Factus
433 2217 665 2259 improperium,

296 2260 388 2301 Legis
412 2264 562 2304 agonista,

298 2307 390 2339 Cuius
413 2309 446 2339 in
472 2310 606 2342 derisum

967 597 1139 628 Petulantis
1164 596 1299 629 feminae

964 642 1064 682 Caput
1088 647 1134 674 est
1158 644 1344 682 praecisum.

1027 735 1086 766 Ad
1109 735 1373 768 Matutinum.

1092 807 1304 835 Invitatorium.

961 864 1050 902 Agno
1074 864 1143 907 Dei,
1170 865 1237 904 regi
1261 874 1383 904 magno,

960 910 1055 948 Quem
1079 911 1234 942 Iohannes
1258 911 1464 950 praedicavit,

956 955 1125 987 iubilemus
1148 957 1292 989 Domino.

1014 1048 1058 1079 In
1086 1048 1117 1082 1.
1135 1049 1324 1080 Nocturn
1338 1058 1367 1081 o.

1100 1112 1292 1147 Antip-honae.

926 1193 934 1201 .
959 1167 1016 1198 Vir
1040 1168 1148 1199 beatus
1172 1169 1239 1200 zelo
1263 1170 1341 1209 legis

959 1214 1073 1252 Arguit
1096 1213 1233 1246 nefarias

958 1260 1084 1299 Nuptae
1106 1259 1213 1292 fratris
1237 1262 1363 1301 nuptias

958 1306 1001 1337 Et
1024 1306 1174 1337 incestum
1199 1308 1291 1346 regis,

927 1385 934 1392 .
958 1360 1026 1392 Rex
1050 1362 1201 1393 adversus
1227 1363 1415 1402 aequitatem

1006 1407 1098 1446 Legis
1123 1408 1339 1452 subsannator,

955 1453 1152 1485 Adversatur
1175 1455 1350 1498 veritatem,

1003 1499 1137 1531 Sceleris
1161 1504 1291 1533 amator.

902 1560 931 1585 ⁸.
957 1554 1094 1593 Insurgit
1117 1556 1191 1587 hinc
1213 1557 1362 1596 nequitia,

1004 1600 1109 1632 Virtus
1138 1602 1315 1644 tribulatur,

957 1645 1088 1685 Capitur
1115 1648 1245 1688 iustitia,

1003 1692 1107 1724 Pietas
1131 1693 1255 1733 ligatur.

926 1772 933 1778 .
960 1747 1170 1779 Conturbatur
1194 1749 1350 1783 Herodias

957 1792 1001 1823 Et
1021 1793 1055 1824 in
1079 1800 1219 1826 sanctum
1243 1796 1304 1827 Dei

958 1838 1055 1871 Gravi
1080 1842 1174 1872 corde
1197 1843 1366 1875 meditatur

957 1885 1054 1917 Dolos
1075 1889 1107 1917 et
1129 1887 1270 1922 insidias.

927 1966 933 1972 .
959 1941 1112 1982 Herodes,
1138 1943 1187 1974 vir
1210 1945 1401 1987 sanguinum,

1001 1987 1156 2020 Vitiorum
1180 1988 1293 2029 fautor,

958 2033 1111 2065 Patronus
1135 2033 1318 2074 facinorum,

1005 2079 1148 2110 Criminis
1174 2083 1222 2111 est
1245 2084 1344 2114 autor.

924 2156 931 2164 .
958 2133 1042 2164 Deus
1070 2134 1275 2178 admirabilis,

958 2179 1016 2217 Qui
1038 2183 1111 2219 post
1133 2181 1333 2219 ignominiam

953 2225 1059 2256 Donas
1084 2228 1200 2258 sanctis
1225 2229 1355 2268 gloriam

956 2271 1000 2302 Et
1022 2280 1080 2311 per
1103 2274 1286 2312 patientiam

954 2316 1096 2349 Humiles
1123 2328 1261 2356 coronas,
