1650 2542
759 134 1006 168 —208—

324 234 416 273 Virgo
440 232 551 264 florere

369 279 500 319 gliscens
524 279 556 310 in
580 277 686 318 gloria.

268 337 297 366 2.
329 334 416 374 Cogit
441 334 553 366 Caesar
578 332 691 364 Christi
715 338 819 361 servos

255 517 289 548 V.

262 618 292 649 3.

366 380 464 411 libare
490 378 695 415 daemonibus,

323 425 382 457 Sed
408 425 531 464 tyranni
554 425 640 464 virgo
665 423 747 454 iussa

368 479 442 502 voce
467 471 590 501 damnat
615 469 721 505 libera,

321 517 425 548 Saevit
448 516 543 546 hostis
568 516 745 545 innocentes

363 562 516 600 perimens
541 561 697 592 atrociter.

316 618 506 655 Argumenta
529 615 721 646 Katharinae

319 663 411 694 Fulta
434 662 510 701 legis
535 665 566 692 et
591 661 749 692 doctrinae

366 708 465 739 Sanae
487 708 660 738 testimonio

316 754 413 785 Deum
438 763 497 785 non
523 754 664 785 concludi
688 752 749 784 fine

318 800 463 841 Probant,
489 800 586 830 menti
609 808 666 830 nec
689 798 808 830 ferinae

363 844 522 877 Satis-facit
545 846 634 884 ratio,

319 891 388 923 Non
413 892 491 922 enim
517 900 627 931 corpus

363 946 494 976 peccans
518 946 575 968 nec
599 938 700 968 anima

315 983 369 1014 Fit
390 984 559 1024 sapientiae

361 1030 450 1060 sedes
472 1030 632 1062 malevola.

284 1108 290 1115 .
319 1084 411 1123 Virgo
435 1083 607 1123 flagellatur

366 1131 534 1161 crucianda
557 1129 638 1162 fame
662 1131 827 1169 relegatur,

319 1175 451 1207 Carcere
475 1177 579 1208 clausa
602 1178 714 1215 manet,

363 1222 416 1252 lux
440 1223 555 1254 caelica
579 1221 649 1253 fusa
672 1221 815 1262 refulget,

315 1268 444 1307 Fraglat,
467 1268 544 1299 odor
568 1269 677 1306 dulcis,

364 1316 487 1345 cantant
504 1315 581 1346 caeli
593 1315 713 1353 agmina
727 1315 833 1345 laudes
844 1324 851 1352 3

280 1384 287 1390 .
318 1358 452 1397 Sponsus
475 1363 558 1391 amat
580 1369 733 1399 sponsam,

365 1405 501 1437 salvator
525 1406 630 1437 visitat,
652 1407 747 1437 illam.

380 1497 423 1528 In
450 1499 479 1529 2.
508 1498 723 1531 Nocturno.

461 1570 649 1605 Antiphonae.

285 1651 292 1657 .
318 1626 438 1657 Poenas
461 1627 569 1658 mortis
593 1627 669 1658 haec
691 1627 783 1666 elegit

362 1671 466 1703 Morte
489 1676 616 1703 mortem
642 1682 801 1712 superans,

318 1718 352 1748 In
378 1726 412 1747 se
435 1721 530 1749 totam
552 1727 586 1749 se
610 1719 732 1758 collegit

363 1762 427 1794 Soli
450 1763 516 1796 Deo
540 1764 686 1795 militans.

284 1841 291 1848 .
318 1817 366 1849 Ex
391 1819 487 1857 regali
511 1819 608 1858 stirpe
631 1822 705 1851 nata

364 1864 479 1902 Regem
507 1873 612 1905 regum
638 1866 742 1905 coluit⁷

320 1910 375 1941 Cui
398 1914 500 1941 mente
524 1912 666 1950 copulata

362 1956 442 1987 Tota
462 1957 546 1996 iungi
571 1958 699 1990 studuit.

284 2034 291 2041 .
318 2010 429 2048 Sponsi
453 2010 577 2042 fervens
600 2013 632 2043 in
657 2021 790 2043 amorem

365 2057 483 2087 Poenas
507 2066 568 2088 non
593 2059 742 2097 extimuit,

317 2102 452 2133 Poenam
476 2101 578 2133 ferens
603 2104 786 2145 graviorem,

367 2147 454 2185 Quod
481 2149 593 2179 dilecto
619 2150 727 2181 caruit.

286 2226 292 2232 .
319 2202 525 2234 Praedicante
549 2204 722 2236 Katharina

367 2249 477 2280 Verbis
502 2252 533 2279 et
556 2250 712 2281 miraculis

320 2294 395 2326 Cum
421 2295 592 2334 Porphyrio
615 2297 721 2335 regina

364 2341 419 2372 Fit
445 2341 477 2372 in
500 2340 564 2373 fide
587 2342 717 2374 stabilis.

925 229 954 258 5.

981 226 1072 257 Furit
1096 225 1211 257 Caesar
1237 224 1268 254 et
1291 224 1455 259 utramque

1030 270 1157 303 Crudeli
1181 267 1330 306 martyrio

982 317 1055 349 Vita
1078 316 1181 355 privat
1205 313 1372 352 temporali

1029 363 1197 395 Coniuncto
1222 360 1408 400 Porphyrio.

949 443 956 450 .
981 418 1105 456 Martyr
1128 420 1164 448 ut
1187 416 1288 448 oravit

1027 464 1164 504 gladium
1180 462 1272 500 subit,
1292 462 1421 514 aethera
1432 469 1522 492 scan-

982 556 1119 596 Sponsus
1144 509 1431 594 honorquedlg'atur¹

1026 612 1093 634 cum
1120 602 1242 634 Christo
1269 601 1441 633 deliciatur.

1112 676 1315 710 Responsoria.

949 757 956 764 .
982 733 1103 771 Sponsa
1128 732 1245 764 Christi
1275 730 1411 771 gloriosa

1025 779 1139 818 gaudet
1161 778 1244 809 inter
1268 777 1408 818 verbera,

979 825 1075 857 Nulla
1097 826 1223 856 movent
1246 824 1326 855 hanc
1349 822 1505 862 promissa

1024 880 1082 902 nec
1104 873 1225 902 terrent
1248 870 1413 908 supplicia,

910 919 946 950 V.
974 918 1111 949 Caritate
1135 917 1299 949 vulnerata

1024 964 1126 995 tendit,
1149 964 1189 994 ad
1213 962 1369 994 caelestia.

922 1021 952 1053 2.
977 1019 1117 1052 Christus
1139 1021 1279 1051 sanctam
1301 1017 1468 1048 tenebroso

1025 1066 1177 1096 reclusam
1202 1064 1358 1103 ergastulo

977 1112 1060 1143 Miro
1085 1111 1161 1142 satis
1184 1113 1276 1149 atque
1300 1110 1417 1141 blando

1025 1156 1181 1189 confortat
1205 1157 1324 1195 eloquio
1335 1167 1342 1195 ς

978 1205 1080 1241 Salve,
1103 1203 1189 1242 virgo
1215 1202 1388 1240 benedicta,

1025 1259 1115 1289 quam
1141 1249 1258 1281 Christi
1284 1249 1473 1288 praesentia.

946 1330 953 1337 .
980 1306 1102 1337 Gaudet
1126 1308 1246 1343 martyr
1268 1304 1302 1334 in
1327 1305 1500 1346 tormentis,

980 1351 1131 1390 Sponsum
1155 1359 1264 1390 gerens
1289 1359 1387 1390 purae
1407 1351 1519 1381 mentis

1026 1398 1169 1430 Clausum
1194 1397 1369 1439 armariolo,

978 1444 1048 1476 Etsi
1071 1444 1162 1483 panis
1187 1443 1259 1473 huic
1286 1443 1402 1475 doloris

978 1490 1087 1529 Detur,
1113 1492 1217 1521 tamen
1243 1490 1282 1520 de
1306 1490 1420 1521 amoris

1025 1536 1155 1567 Potatur
1178 1536 1298 1567 alveolo
1308 1547 1316 1575 3

978 1583 1081 1614 Saevit
1110 1583 1202 1621 lupus

1025 1631 1097 1660 trux
1121 1630 1153 1659 in
1177 1629 1339 1666 oviculam,

980 1676 1018 1707 In
1043 1675 1161 1713 pullum
1184 1675 1306 1716 milvus,

1026 1730 1099 1760 grus
1123 1721 1156 1751 in
1180 1721 1343 1754 aviculam.

1038 1813 1082 1845 In
1108 1814 1139 1846 3.
1165 1813 1392 1847 Nocturno.

1128 1886 1172 1913 Ad
1192 1887 1320 1914 Cantica.

980 1941 1047 1972 Deo
1071 1946 1177 1974 nostro
1202 1944 1243 1974 sit
1266 1944 1402 1976 iucunda

980 1987 1164 2027 Decoraque
1188 1990 1266 2031 laus,
1291 1992 1343 2029 qui
1365 1992 1483 2023 munda

1027 2034 1130 2065 Corda
1153 2035 1256 2073 replet
1279 2037 1389 2079 gratia,

981 2079 1039 2116 Qui
1066 2080 1165 2111 divisa
1189 2082 1284 2112 maris
1308 2084 1394 2114 unda

980 2125 1068 2156 Viam
1094 2127 1156 2157 suis
1181 2135 1239 2165 per
1262 2128 1421 2166 profunda

1031 2172 1144 2203 Pandit
1169 2173 1210 2204 ad
1236 2174 1392 2207 caelestia.

1115 2245 1318 2281 Responsoria.

928 2300 956 2331 1.
987 2300 1094 2343 Surge,
1122 2301 1219 2342 virgo,
1246 2306 1277 2334 et
1300 2309 1424 2338 nostras

1030 2355 1143 2385 sponso
1164 2357 1274 2387 preces
1298 2352 1396 2395 aperi7
