1650 2542
773 138 1025 172 —182—

335 236 473 275 Sponsae
495 237 635 265 sacratae
660 235 823 264 venerator

382 284 413 312 et
437 283 537 312 custos
562 280 697 311 sedulus.

303 361 309 367 .
334 337 370 368 In
396 336 510 366 somnis
534 336 665 374 apparet
688 333 813 372 angelus

380 384 485 413 sancto
510 381 640 419 Ioseph,
678 387 745 410 cum
770 378 870 416 quies-

651 427 743 464 cieret,

333 473 457 512 Dicens,
485 472 566 511 quod
583 471 716 502 Mariam
740 471 772 500 in
798 478 869 500 con-

648 517 749 555 iugem

379 563 519 602 accipere
544 571 604 594 non
628 562 775 601 trepidet,

333 609 419 647 Quod
448 609 527 639 enim
554 612 659 639 natum
684 611 730 638 est

377 656 408 685 in
433 655 513 686 alma
536 655 664 693 virgine,

329 700 378 731 De
401 701 528 739 spiritus
552 700 652 731 sancti

380 747 501 778 exsistit
523 755 659 778 munere.

281 795 302 826 ⁷.
330 792 436 823 Pariet
460 795 561 823 autem

376 838 479 869 Maria
502 838 588 877 virgo
614 837 719 876 filium,

331 884 425 922 Quem
444 884 567 914 vocabis
588 885 699 922 Iesum,

376 931 559 961 salvatorem
582 931 726 961 omnium.

298 1009 305 1015 .
331 984 496 1023 Postquam
522 985 606 1024 virgo

375 1031 497 1069 peperit
520 1030 578 1061 Dei
599 1030 707 1069 filium,

329 1077 448 1107 Assunt
470 1077 572 1114 angeli

378 1123 586 1153 collaudantes
610 1122 784 1161 Dominum,

331 1169 475 1199 Pastores
499 1177 618 1207 quoque
641 1171 819 1207 properant,

378 1216 411 1244 ut
444 1217 572 1245 cernant
597 1215 728 1246 caeleste
751 1217 865 1253 myste-

647 1261 736 1299 rium,

330 1305 416 1344 Magi
438 1306 570 1337 adorant
593 1315 695 1346 regem
719 1310 833 1348 natum,

377 1354 530 1382 ostensum
543 1360 600 1390 per
611 1354 721 1384 stellae
732 1353 863 1386 radium.

292 1422 299 1429 .
329 1397 449 1436 Ioseph,
475 1406 604 1436 sponsus
628 1398 759 1437 Mariae,

374 1443 575 1474 intemeratae
598 1445 736 1484 virginis,

332 1488 426 1519 Vacat
449 1490 514 1520 nati
536 1490 608 1521 Iesu

376 1538 405 1565 et
430 1536 537 1566 matris
563 1536 626 1567 eins
652 1537 817 1575 obsequiis.

385 1655 428 1686 In
456 1656 486 1688 2.
511 1656 733 1687 Nocturno.

466 1727 656 1763 Antiphonae.

298 1806 305 1812 .
330 1782 380 1813 Ad
424 1784 571 1822 templum
611 1785 714 1824 pergit
752 1785 865 1824 Ioseph

644 1839 774 1869 sponsus

375 1882 442 1905 cum
465 1875 569 1907 Maria
593 1879 624 1907 et
646 1885 753 1917 puero,

327 1919 371 1951 Ut
393 1923 559 1954 secundum
580 1923 679 1961 legem
695 1923 864 1955 Mosaicam

375 1974 441 1996 eum
466 1968 579 1999 sistant
602 1968 744 2008 Domino,

330 2010 497 2043 Offerentes
521 2023 577 2052 pro
602 2015 670 2053 ipso
693 2015 810 2046 hostias

374 2060 506 2089 creatori
531 2060 689 2092 altissimo.

296 2136 302 2143 .
329 2110 428 2142 Senex
453 2117 576 2145 sanctus
599 2115 630 2145 in
655 2117 771 2155 templo

373 2166 392 2188 a
414 2160 594 2197 parentibus

419 2206 548 2244 suscipit
580 2216 709 2245 puerum

326 2248 369 2279 Et
392 2250 460 2290 ipse
483 2256 607 2290 gestans
632 2262 698 2284 eum

373 2296 405 2327 in
429 2298 510 2328 ulnis
534 2299 597 2329 suis

419 2342 577 2375 benedixit
602 2345 774 2379 Dominum.

940 232 970 263 3.
996 230 1131 269 Implent
1155 228 1268 267 Ioseph
1293 230 1324 259 et
1350 226 1452 259 Maria

1044 279 1155 307 cuncta
1177 275 1300 315 legalia,

997 322 1162 354 Servantes
1186 321 1347 353 humiliter

1041 369 1189 400 mandata
1213 367 1368 398 caelestia.

1133 469 1336 502 Responsoria.

939 546 969 575 1.
994 544 1031 575 In
1056 546 1235 584 Aegyptum
1258 543 1372 583 Ioseph
1398 541 1518 582 fugiens

1039 598 1097 628 per
1121 589 1361 620 admonitionem

1086 636 1257 675 angelicam

995 683 1129 714 Puerum
1155 682 1258 712 Iesum
1283 681 1406 721 accepit
1430 684 1460 711 et

1039 730 1168 758 matrem
1195 727 1259 757 eius
1284 727 1436 768 virginem

1085 773 1320 804 mundissimam

994 820 1116 851 Moram
1141 819 1258 850 ibidem
1283 818 1401 850 faciens

1041 874 1144 897 curam
1170 866 1251 905 gerit

1087 912 1176 952 pueri
1201 914 1232 942 et
1256 911 1396 951 virginis,

996 958 1104 990 Donec
1130 967 1187 997 per
1212 958 1354 997 angelum

1041 1004 1173 1035 monitus
1199 1004 1284 1035 venit

1087 1051 1120 1081 in
1143 1053 1258 1081 terram
1284 1050 1332 1080 sui
1356 1048 1478 1089 generis

924 1098 961 1128 V.
992 1097 1130 1129 Labores
1155 1097 1207 1135 pie
1230 1096 1363 1127 sustinet

1038 1143 1152 1182 Ioseph
1177 1151 1309 1181 sponsus
1332 1141 1464 1178 Mariae,

990 1189 1034 1220 Et
1059 1189 1145 1220 Iesus
1170 1192 1300 1219 matrem
1325 1186 1468 1219 confovet

1038 1235 1074 1266 In
1100 1235 1190 1265 huius
1216 1243 1307 1265 cursu
1330 1234 1409 1266 viae.

935 1310 964 1340 2.
993 1309 1097 1340 Genus
1123 1309 1211 1340 duxit
1235 1308 1348 1347 Ioseph
1374 1317 1413 1339 ex
1437 1308 1519 1347 regis

1035 1354 1139 1386 David
1164 1355 1322 1393 prosapia,

992 1400 1172 1432 Sanctitatis
1198 1401 1263 1431 eius
1288 1409 1420 1440 sequens

1037 1447 1172 1487 gloriosa
1196 1447 1339 1486 vestigia,

991 1493 1124 1532 Dignum
1139 1491 1243 1524 effecit
1254 1502 1399 1531 sponsum
1413 1493 1536 1524 Mariae

1038 1540 1143 1571 divina
1167 1540 1277 1578 gratia,

922 1586 957 1617 V.
986 1585 1090 1616 Pollet
1112 1586 1211 1616 iustus

1038 1632 1185 1662 virtutum
1209 1630 1395 1671 fragrantia5

990 1677 1106 1708 Merita
1128 1677 1243 1716 Ioseph

1037 1722 1158 1763 fulgent
1181 1723 1303 1755 eximia.

935 1797 965 1829 3.
990 1797 1122 1827 Aeterni
1145 1797 1227 1836 regis
1254 1798 1408 1836 disposuit

1035 1851 1150 1875 arcana
1176 1844 1386 1883 providentia,

991 1889 1078 1927 Quod
1096 1890 1211 1928 Ioseph
1238 1893 1340 1921 custos
1366 1893 1445 1921 esset
1471 1891 1533 1921 vir-

1310 1937 1391 1975 ginis

1036 1979 1150 2012 florens
1175 1982 1337 2020 pudicitia,

991 2027 1086 2065 Quem
1112 2028 1235 2058 divinae

1036 2073 1155 2112 gratiae
1178 2071 1349 2104 adfluentia

989 2118 1032 2149 Et
1055 2127 1185 2149 munera

1036 2165 1236 2203 repleverant
1261 2166 1424 2206 caelestia3

921 2211 959 2242 V.
989 2210 1124 2241 Praebet
1146 2211 1240 2242 matri
1264 2215 1293 2243 et
1318 2222 1415 2251 puero

1036 2259 1175 2287 sanctum
1200 2257 1391 2299 obsequium,

990 2301 1043 2332 Sic
1069 2303 1149 2333 enim
1176 2303 1307 2336 decebat
1330 2309 1394 2337 tam

1037 2348 1199 2388 benignum
1224 2352 1401 2385 nutricium.
