1650 2542
337 236 515 277 Catalogum
539 238 706 269 illustrium

380 284 525 315 Virorum
556 285 609 315 dat
630 284 790 323 insignius,

266 328 302 361 V.
333 328 591 369 Philosophorum
615 331 748 362 omnium

376 375 473 407 Novit
498 377 567 415 ipse
589 376 774 418 plenissime,

332 421 556 461 Theologorum
580 422 684 453 studia

379 468 461 499 Vicit
483 468 758 506 perspicacissime.

274 523 305 553 2.
331 521 493 553 Helvidius
516 523 642 554 insanus

330 568 422 599 Cedit
445 570 476 598 et
499 568 692 607 Pelagianus‚

330 613 476 652 Origenes
500 617 564 644 tam
587 613 737 653 profanus

374 659 492 690 Tantae
519 660 596 692 lucis
621 661 720 700 radio,

261 704 298 735 V.
329 705 504 736 Iovinianus
528 707 642 737 mutuit

374 750 531 790 Simulque
556 753 752 791 Vigilantius‚

326 796 430 828 Omnis
454 798 590 829 haeresis
614 799 700 829 siluit

373 843 506 882 Veiique
530 844 737 878 adversaiiuS.

269 898 299 929 3.
325 897 486 929 Studiosus
510 899 542 930 in
566 900 706 939 Platone,

324 944 444 975 Pariter
469 948 500 975 et
525 946 682 985 Cicerone,

323 990 427 1021 Minus
453 999 563 1022 curans
589 992 628 1023 de
650 1001 793 1024 sermone

370 1036 498 1068 Tradito
524 1038 681 1077 divinitus,

322 1080 382 1112 Est
402 1083 526 1114 attritus
550 1084 704 1123 passione,

367 1127 427 1159 Est
449 1130 574 1167 punitus
600 1131 748 1170 caelitus3

257 1171 290 1203 V.
319 1173 423 1210 Qualis
447 1175 489 1205 sit
512 1178 585 1206 tunc
608 1177 784 1219 requisitus,

369 1219 561 1253 Christianus
586 1221 666 1253 falso
692 1223 804 1266 dictus,

321 1265 481 1297 Tullianus
510 1269 678 1300 recensitus

367 1312 470 1351 Plagis
493 1314 598 1345 multis
623 1320 670 1345 est
693 1313 837 1348 afflictus.

378 1423 422 1453 In
449 1425 478 1455 2.
505 1424 728 1458 Nocturno.

458 1496 647 1532 Antiphonae.

263 1549 292 1581 1.
318 1551 459 1582 Instante
482 1553 565 1585 vitae
588 1557 728 1594 tempore

362 1597 436 1629 Cum
459 1603 624 1632 vocaretur
649 1602 787 1644 caelitus,

313 1642 485 1676 Deficiente
509 1655 639 1686 corpore

360 1689 600 1724 Confortabatur
623 1694 763 1733 spiritus.

257 1744 287 1774 2.
313 1745 502 1783 Angelorum
523 1746 661 1779 imitatus

358 1791 461 1821 Vitam
486 1794 518 1822 et
538 1791 684 1836 officium,

310 1835 370 1866 Est
393 1836 430 1867 ab
455 1838 494 1868 iis
515 1838 663 1871 invitatus

358 1882 410 1914 Ad
437 1886 622 1923 captandum
647 1889 828 1926 praemium.

254 1937 282 1968 3.
309 1938 408 1969 Tactu
438 1940 520 1970 sacri
544 1943 683 1980 corporis

358 1983 473 2016 Caecus
498 1989 545 2017 est
569 1991 702 2031 sanatus,

309 2029 346 2060 In
369 2034 522 2063 momento
546 2035 695 2072 temporis

353 2075 536 2108 Haereticus
561 2083 724 2113 crematus.

443 2159 646 2194 Responsoria.

252 2213 281 2245 1.
309 2212 403 2250 Quasi
427 2215 519 2246 stella
541 2219 692 2250 matutina

352 2259 503 2298 Splendet
525 2267 616 2301 pater
639 2265 774 2307 inclitus,

304 2305 347 2336 Et
369 2308 404 2336 ut
423 2307 497 2339 luna
519 2309 613 2347 plena
636 2311 709 2343 bina

352 2351 422 2384 Stat
446 2361 559 2387 corona
582 2359 753 2400 praeditus,

875 142 940 177 118
987 160 1035 166 --

1000 236 1175 267 Pudicitiae
1200 244 1314 267 corona

1044 282 1182 314 Radians
1208 283 1368 314 divinitus.

929 328 967 361 V.
997 327 1091 366 Quasi
1118 330 1165 360 sol
1188 329 1221 359 in
1245 328 1306 360 Dei
1330 329 1448 367 templo

1043 375 1158 415 Fulget
1183 375 1291 406 doctor
1315 375 1468 405 maximus

998 421 1115 459 Verbo,
1141 422 1238 460 signis
1261 424 1293 452 et
1317 421 1470 461 exemplo,

1044 467 1210 499 Confessor
1234 468 1429 507 Ieronymus.

930 522 960 553 2.
987 521 1123 553 Leonem
1148 522 1240 561 spina
1265 523 1402 553 saucium

1041 569 1133 600 Iubet
1156 568 1324 599 remediari

994 614 1254 653 Mansuetumque
1282 616 1399 646 socium

1040 661 1180 692 Asellum
1204 661 1358 701 comitari,

993 705 1058 744 Quo
1083 710 1175 746 rapto
1199 708 1328 738 mandat
1350 709 1511 748 proprium

1039 753 1123 794 Opus
1148 754 1236 784 illum
1261 755 1386 793 sectari,

992 798 1055 830 Leo
1085 800 1210 831 camelis
1234 801 1395 839 praevium

1039 845 1129 885 Cogit
1152 846 1259 878 abbati
1284 847 1370 887 dari;

922 891 959 923 V.
988 891 1142 930 Raptores
1172 895 1283 931 petunt
1307 894 1440 934 veniam,

990 937 1058 969 Olei
1080 938 1233 979 praebent
1259 940 1390 982 copiam,

1034 984 1078 1015 Et
1101 986 1147 1016 sic
1170 985 1299 1016 mandat
1322 987 1452 1018 servari.

932 1039 962 1070 3.
990 1039 1065 1071 Cum
1091 1041 1202 1081 dignus
1226 1041 1326 1080 gloria

1031 1087 1070 1118 In
1092 1088 1207 1119 lectum
1234 1087 1362 1128 decidit,

987 1130 1075 1163 Tunc
1096 1135 1250 1173 sapientia

1031 1178 1071 1209 Se
1093 1181 1203 1211 mirum
1230 1180 1382 1220 prodidit,

986 1223 1083 1256 Sacra
1104 1228 1255 1265 mysteria

1031 1271 1104 1303 Cum
1130 1271 1206 1304 fietu
1228 1273 1391 1312 prendidit

981 1316 1025 1347 Et
1046 1319 1157 1357 plenus
1182 1320 1283 1360 gratia

1029 1363 1180 1403 Spiritum
1202 1365 1362 1405 reddidit3

914 1408 951 1440 V.
981 1409 1061 1447 Quot
1087 1411 1119 1442 in
1145 1413 1277 1444 ecclesia

1028 1456 1193 1489 Tractatus
1217 1458 1328 1498 edidit,

981 1501 1042 1533 Tot
1064 1503 1229 1537 luminaria

1027 1549 1104 1581 Orbi
1129 1552 1328 1584 contradidit.

1037 1633 1083 1664 In
1108 1635 1138 1666 3.
1166 1634 1393 1667 Nocturno.

1118 1707 1310 1743 Antiphonae.

923 1761 952 1793 1.
977 1761 1015 1792 In
1038 1763 1144 1794 multis
1168 1764 1283 1804 linguis
1308 1767 1429 1805 peritus

1024 1808 1151 1841 Sacram
1174 1811 1327 1843 transfert
1349 1814 1506 1855 paginam,

977 1854 1134 1888 Patientia
1156 1858 1292 1890 munitus

1021 1902 1155 1934 Multam
1179 1904 1288 1936 suffert
1310 1907 1477 1939 sarcinam.

919 1956 949 1986 2.
977 1956 1104 1988 Patrum
1129 1959 1210 1991 vitas
1234 1961 1435 2005 scriptitavit,

974 2002 1137 2042 Virginum
1167 2015 1268 2037 mores
1295 2008 1426 2040 dictavit

1020 2050 1069 2080 Ac
1093 2051 1277 2083 clericorum
1301 2055 1435 2094 regulas.

917 2104 947 2135 3.
972 2104 1035 2135 Hic
1063 2107 1199 2137 correxit
1222 2110 1331 2141 mundi
1356 2113 1472 2143 statum

973 2151 1076 2190 Atque
1099 2155 1252 2191 repressit
1278 2159 1398 2188 reatum

1016 2197 1079 2228 Per
1102 2200 1279 2240 scripturae
1301 2205 1470 2239 normulaS.

1107 2263 1311 2299 Responsoria.

894 2311 945 2349 '1.
973 2316 1047 2348 Cum
1073 2327 1200 2352 occasus
1225 2323 1414 2367 immineret,

1019 2363 1159 2398 Caelicus
1186 2371 1343 2404 exercitus
