1650 2542
674 135 926 169 —109—

227 223 304 255 Eius
329 234 475 264 sponsam
502 227 553 265 qui
578 227 709 260 munivit
896 230 1054 269 Mulieres,
1079 233 1115 262 ut
1138 229 1287 269 profanus

273 271 309 302 In
335 272 466 303 salutem
490 273 657 306 hominum.
942 277 1067 309 Cunctis
1092 276 1128 308 fit
1152 277 1326 315 ridiculum,

171 326 201 357 2.
228 325 319 357 Viros
347 328 528 366 sanguinum
554 329 677 361 dolosos
896 324 1041 355 Sanctum
1076 323 1218 365 pulsant,
1252 332 1321 354 sese
1349 325 1435 355 trun-

273 372 411 404 Perdens
436 377 466 405 et
491 375 663 415 mendacia,
1215 372 1287 401 cant

227 418 336 450 Nodos
361 420 448 451 Arrii
472 421 606 452 nodosos
941 415 1034 446 Hunc
1056 416 1190 447 nitentes
1215 417 1359 456 perdere,

274 464 375 497 Solvit
400 466 517 498 Christi
541 468 651 507 gratia,
895 463 1015 494 Iustum
1038 462 1138 502 ligant
1162 465 1193 493 et
1215 463 1381 503 aduncant,

226 510 320 548 Quem
346 514 485 544 matrona
510 514 608 545 Paula
633 513 712 546 fovit
941 508 1003 540 Sed
1028 509 1167 540 salvatur
1190 518 1342 551 proper03

271 557 341 588 Suis
366 557 577 598 facultatibus,
826 555 863 586 V.
896 555 952 585 Vir
976 554 1084 586 beatus
1108 564 1180 586 suas
1199 555 1287 587 iubet

227 603 324 641 Quam
350 613 418 635 cum
442 608 516 637 nata
539 607 688 638 reditavit
940 601 1053 640 Detegi
1076 601 1239 641 nequitias,

274 649 396 682 Divinis
423 652 627 692 dogmatibus.
894 648 1030 686 Rugiens
1040 646 1125 689 facit,
1137 657 1319 687 quamquam
1327 649 1434 689 pudet,

170 705 199 736 3.
227 704 320 736 Hunc
343 705 560 745 presbyterum
579 708 767 740 cardinalem
943 693 1052 726 Gemit
1074 693 1163 733 Plebs
1189 695 1349 726 Versmias·

268 751 415 783 Pontifex
438 752 583 785 Liberius

224 797 324 837 Fecit,
348 801 465 829 motum
489 800 541 838 qui
566 801 722 832 carnalem
953 814 998 845 In
1025 816 1055 847 3.
1082 814 1308 847 Nocturna

268 844 405 875 Edomat
428 846 576 885 severius,

223 889 409 922 Anastasiae
435 891 553 922 ditatur
1034 896 1225 931 Antiphonae.

268 936 383 976 Titsslo’
409 935 509 968 fretus
533 938 633 977 gloria
833 961 862 993 1.
890 961 988 992 Notos
1012 962 1134 1002 linquit,
1161 962 1378 994 Nazanzenum

221 982 266 1014 Et
288 982 407 1013 honore
429 986 595 1015 coronatur

268 1028 338 1068 Iugi
361 1037 418 1068 pro
439 1031 597 1062 memoria·
939 1008 1020 1039 Petit
1045 1010 1116 1047 post
1139 1008 1319 1048 Evagrium,

892 1053 984 1084 Hunc
1014 1054 1170 1086 desertum
1194 1063 1433 1094 praeamocnum

935 1099 1026 1131 Subit
1051 1099 1268 1141 dactiliferum‚

365 1121 567 1182 Responsona.
890 1146 955 1184 Quo
981 1146 1054 1177 dum
1078 1147 1184 1178 vivens
1209 1156 1243 1179 se
1265 1152 1417 1180 mactaret

164 1176 193 1208 1,
220 1176 302 1207 Dum
328 1177 470 1217 decessit,
500 1186 572 1209 mox
596 1179 764 1211 crebrescit
937 1192 1060 1224 Christo
1085 1193 1153 1224 sine
1175 1195 1307 1234 macula,

266 1222 414 1254 HaereSiS
437 1223 569 1275 PeSffifeT
570 1234 599 1266 a,
888 1239 1003 1270 Fastus
1027 1239 1110 1280 iecit,
1133 1242 1168 1270 ut
1191 1241 1326 1272 intraret

220 1268 283 1300 Sed
307 1272 483 1310 marcescit,
512 1271 584 1302 dum
609 1273 750 1312 accessit,
934 1285 1011 1316 Ejus
1037 1285 1246 1318 tabernacula·

264 1315 387 1346 Veritas
411 1315 552 1356 lucifera,

220 1360 303 1392 Vera
326 1360 442 1401 fantur,
470 1371 538 1393 cum
564 1364 719 1396 donantur

266 1407 357 1438 Vitae
380 1408 442 1439 tria
463 1407 582 1449 funera,

220 1454 431 1485 Personantur
456 1457 487 1485 et
509 1459 661 1495 parantur

270 1499 394 1532 Christo
419 1501 521 1532 laudis
545 1511 690 1542 munera3

151 1546 188 1579 V.
217 1545 327 1577 Finem
353 1547 470 1586 promit
491 1551 595 1580 sectae
618 1552 740 1588 gratum

263 1593 320 1624 Vir
344 1593 455 1624 beatus
479 1595 613 1637 saepius,

217 1638 294 1671 Cum
323 1642 452 1671 vocatur
476 1642 667 1673 consolatum

259 1685 364 1717 Sensit
386 1695 421 1717 se
442 1686 608 1720 Eusebius.

831 1351 861 1381 2.
888 1349 992 1381 David
1017 1350 1144 1381 tandem
1168 1351 1242 1382 urbs
1266 1351 1368 1384 fidelis

933 1395 1069 1427 Praebet
1090 1397 1289 1437 domicilium,

886 1441 970 1473 Hinc
993 1451 1052 1481 quo
1077 1444 1173 1475 tensis
1199 1446 1321 1483 quaerit
1343 1446 1420 1477 velis

932 1489 971 1520 In
995 1490 1159 1529 scripturis
1184 1489 1281 1522 filium

885 1535 956 1575 Dei,
982 1544 1001 1566 a
1025 1544 1084 1574 quo
1108 1540 1271 1569 coronatus

930 1581 991 1613 Est
1016 1582 1176 1614 doctrinae
1199 1584 1298 1623 gloria

884 1627 929 1658 Et
953 1628 1058 1659 decori
1082 1638 1192 1668 magno
1219 1631 1309 1662 datus

931 1673 1044 1713 Spreta
1066 1676 1162 1707 saecli
1185 1677 1295 1710 scon'a.

158 1741 188 1771 2·
214 1741 342 1773 Falsum
366 1745 473 1774 sancto
500 1743 573 1774 dum
597 1744 731 1783 imponit
825 1740 855 1771 3.
882 1738 982 1770 Sudat
1004 1748 1078 1771 vere
1101 1740 1320 1774 transferendo

258 1787 390 1819 Librum
413 1789 511 1820 hostis
536 1789 685 1830 perfidus,
928 1785 1040 1817 Libros
1066 1796 1174 1819 sacrae
1198 1789 1333 1829 paginae

212 1833 392 1865 Nazarenus
416 1844 451 1866 Se
475 1837 605 1875 opponit,
879 1832 1099 1873 Explanando,
1125 1837 1338 1876 componendo

256 1881 387 1912 Praesul
406 1880 470 1913 fide
493 1881 644 1926 fervidae,
926 1879 1036 1910 Plures
1062 1889 1129 1911 cum
1153 1882 1303 1923 indagine

211 1926 325 1959 Subdit
349 1936 383 1959 se
407 1928 562 1968 punitioni
880 1925 972 1962 Mira,
995 1926 1065 1965 plus
1082 1936 1173 1967 quam
1191 1929 1298 1961 decem
1314 1930 1422 1962 lustris

257 1974 354 2017 Vjtae,
381 1975 443 2006 nisi
467 1976 598 2016 venerit,
923 1972 995 2003 Illic
1024 1973 1109 2005 ducit
1130 1976 1283 2013 proelium

212 2019 306 2060 Signo
333 2022 410 2053 dans
434 2022 507 2053 huic
530 2023 645 2055 actioni
877 2017 992 2059 Fortis,
1018 2023 1129 2059 potens
1154 2024 1185 2052 et
1207 2023 1340 2055 illustris

256 2067 376 2108 Finem,
403 2069 455 2108 qui
481 2068 650 2111 defecerit3
924 2066 985 2097 Pro
1011 2068 1120 2099 castris
1144 2067 1294 2102 fidelium.

136 2114 178 2146 V.
207 2113 388 2146 Nazarenus
412 2115 565 2149 liberatur

252 2160 296 2192 Et
319 2161 346 2192 si
369 2170 449 2201 genu
472 2161 618 2204 flectitur,
1013 2159 1218 2195 Responsoria.

206 2207 367 2261 Talionem
393 2208 465 2240 dum
487 2210 631 2263 laetatur]
820 2223 850 2255 1.
877 2223 915 2254 Vi
939 2226 1079 2257 torturae
1102 2229 1175 2258 sunt
1200 2227 1334 2259 confessi

252 2253 362 2286 Hostis
386 2264 504 2288 sursum
530 2257 690 2296 plectitur.
921 2272 1054 2303 Iuvenes
1077 2273 1238 2306 interitum

146 2311 177 2343 3.
205 2309 323 2342 Forma
346 2310 475 2343 daemon
498 2315 534 2343 ut
557 2312 702 2347 Silvanus
874 2317 917 2348 Et
941 2318 981 2350 ad
1006 2319 1223 2352 decollandum
1248 2323 1350 2361 pressi

248 2357 376 2389 Terruit
395 2358 580 2402 cubiculum,
924 2364 1011 2397 Citra
1035 2365 1110 2398 facti
1134 2368 1289 2409 meritum,
