1650 2542
792 116 1020 150 -72—

400 203 443 233 In
470 205 501 236 3.
525 203 746 238 Nocturno.

478 257 668 293 Antiphonae.

280 303 311 333 1.
337 303 467 335 Sanctos
493 306 601 337 ductos
625 307 658 337 in
680 306 816 337 medium

339 349 454 381 Caesar
476 354 596 382 monet:
622 352 793 390 periculum

336 394 500 427 Declinate
523 405 591 427 cnm
615 397 749 428 maximo

335 441 517 473 Animarum
541 443 691 482 periculo,

278 489 309 522 2.
334 491 467 522 Frustra
488 494 639 530 tyrannus
664 494 798 531 replicat

333 535 444 566 Falsas
467 537 532 567 illis
560 537 696 577 divitias,

333 580 448 618 Quibus
472 582 558 613 Deus
582 584 681 614 totum
707 587 783 624 erat,

333 626 391 664 Qui
416 630 462 658 est
485 637 583 660 verax
609 632 640 661 et
662 630 788 663 veritas,

276 677 305 708 3.
331 677 387 708 Ait
408 678 471 709 iam
495 679 617 718 palmae
640 682 801 721 praescius

329 723 481 763 Egregius
507 724 697 765 Gorgonius:

329 768 387 806 Qui
409 779 466 801 nos
491 769 567 802 facit
591 771 767 812 confligere,

329 814 427 846 Dabit
449 816 538 847 nobis
563 820 594 848 te
617 819 752 852 vincere.

459 880 662 916 Responsoria.

272 927 301 957 1.
329 926 494 959 Gaudebat
516 928 577 959 Dei
601 927 734 961 famulus

326 973 413 1004 Inter
436 976 591 1006 tormenta
614 976 734 1015 positus

325 1019 369 1051 Et
392 1020 477 1052 caelo
501 1021 632 1052 tendens
656 1022 774 1053 lumina

325 1065 409 1097 Voce
434 1067 559 1098 dicebat
581 1067 695 1099 libera:

325 1111 437 1143 Grates
461 1113 529 1156 tibi,
556 1122 611 1145 rex
636 1115 763 1156 gloriae,

321 1158 376 1189 Me
402 1159 532 1198 dignare
556 1161 732 1204 respicere3

253 1203 290 1235 V.
322 1203 382 1235 Cor
407 1206 574 1237 contritum
599 1211 630 1237 et
653 1207 770 1238 humile

321 1250 379 1288 Qui
400 1260 554 1290 nunquam
581 1253 661 1284 soles
685 1262 844 1293 spernere,

319 1296 365 1327 Te
387 1297 597 1336 suspirantem
620 1299 753 1339 suscipe.

262 1348 292 1378 2.
319 1347 521 1379 Venerandus
547 1348 720 1388 Gorgonius

318 1392 426 1424 Lentis
451 1395 593 1426 admotus
617 1396 741 1436 ignibus

320 1439 484 1471 Cruciatur
503 1441 667 1473 immanius

316 1485 360 1517 Et
382 1487 563 1518 retardatur
588 1488 702 1527 obitus,

317 1531 370 1563 Sic
392 1541 513 1564 merces
539 1535 653 1566 crescit
676 1537 809 1574 martyri

317 1577 525 1619 Confusioque
542 1581 687 1620 Caesari3

247 1624 284 1655 V.
314 1624 513 1664 Depascebat
539 1627 690 1658 diutinum

314 1669 413 1702 Fessa
435 1672 575 1703 membra
596 1673 773 1705 incendium

314 1716 441 1748 Illatum
466 1720 498 1747 et
520 1718 700 1752 cohibitum.

257 1766 288 1797 3.
312 1766 450 1804 Expleto
473 1767 535 1798 iam
559 1768 728 1800 luctamine

312 1811 405 1843 Fidei
429 1816 460 1843 et
482 1812 644 1854 perfidiae,

313 1858 436 1897 Martyr
461 1858 578 1891 Christi
600 1861 768 1893 laudabilis

311 1903 396 1936 Fusa
418 1905 512 1937 laude
535 1908 722 1945 precaminis

312 1950 438 1989 Laqueo
461 1952 590 1984 tandem
614 1953 696 1985 finiit

312 1996 443 2028 Cursum
467 1998 515 2028 sui
541 2000 738 2039 certaminis;

311 2041 363 2072 Sic
385 2043 567 2082 triumphali
590 2046 690 2084 gloria

311 2087 413 2118 Subiit
435 2089 519 2120 vitae
542 2099 668 2131 pascua,

239 2132 275 2164 V.
307 2133 477 2165 Comitatus
502 2137 641 2175 angelico

308 2180 360 2211 Ad
383 2180 510 2212 aethera
529 2183 667 2221 tripudio

308 2225 384 2257 Cum
409 2227 620 2260 dominantum
643 2230 776 2263 Domino

305 2272 502 2311 Regnaturus
526 2278 687 2315 perpetuo.

1094 207 1139 238 In
1163 206 1388 239 LaudibuS.

1142 280 1334 315 Antiphonae.

944 334 974 366 1.
1001 333 1150 374 Gorgonii
1173 336 1363 367 sanctissimi

1001 380 1122 420 Corpus
1149 382 1266 420 campis
1291 382 1467 422 expositum

1000 427 1192 466 Angelorum
1221 428 1360 459 excubiis

997 472 1112 503 Tutum
1135 476 1241 505 manet
1264 483 1284 505 a
1308 474 1428 507 bestiiS.

941 528 972 558 2.
996 527 1125 559 Honore
1148 529 1277 561 tandem
1302 529 1407 561 debito

998 573 1202 613 Componitur
1225 576 1257 607 in
1283 576 1401 608 tumulo

996 619 1039 651 Et
1064 621 1162 660 signis
1186 622 1383 654 mirabilibus

995 667 1178 699 Honoratur
1203 669 1362 701 divinitus.

938 722 969 753 3.
995 722 1047 753 Ad
1067 731 1212 763 magnam
1237 724 1354 756 Christi
1379 725 1509 764 gloriam

992 768 1117 800 Meritis
1142 773 1233 801 ornat
1258 770 1405 802 Gorziam

992 814 1036 845 Et
1061 814 1236 847 Galliarum
1259 818 1384 856 populis

993 860 1064 892 Non
1091 862 1179 893 deest
1199 863 1394 902 patrociniis.

934 917 966 948 4.
991 916 1015 948 Ο
1041 915 1119 949 felix
1142 918 1204 950 Dei
1227 927 1355 950 munere

992 962 1107 995 Gorzia
1129 966 1217 996 tanto
1241 967 1384 1007 maxime,

991 1008 1084 1040 Cuius
1107 1010 1208 1043 instas
1232 1012 1389 1051 obsequiis

990 1054 1034 1086 Et
1056 1057 1186 1088 muniris
1214 1057 1380 1098 suffragiis.

934 1111 964 1141 5.
990 1111 1029 1142 In
1051 1115 1228 1143 sanctorum
1253 1114 1386 1145 ecclesia

990 1158 1074 1189 Laus
1098 1158 1226 1190 Domini
1251 1160 1294 1191 sit
1317 1160 1437 1201 sedula,

990 1203 1049 1241 Qui
1071 1205 1220 1244 martyris
1244 1206 1296 1237 hic
1316 1207 1462 1246 precibus

988 1250 1091 1281 Adest
1112 1251 1166 1290 pie
1191 1252 1405 1285 clamantibus.

1096 1324 1141 1350 Ad
1160 1325 1343 1353 Benedictus.

916 1379 954 1409 A.
985 1379 1158 1411 Benedicta
1179 1382 1222 1412 sit
1242 1383 1345 1421 gratia

985 1425 1046 1456 Dei
1069 1427 1170 1458 nostri
1193 1428 1379 1468 largissima,

985 1472 1053 1510 Qua
1072 1477 1259 1511 praeventus
1285 1475 1470 1516 Gorgonum,

982 1518 1108 1558 Martyr
1131 1521 1385 1562 pretiosissimus,

981 1565 1141 1596 Alacriter
1162 1567 1312 1600 immania

981 1610 1149 1649 Superavit
1172 1614 1329 1652 supplicia

980 1656 1024 1687 Et
1048 1665 1117 1687 cum
1140 1659 1293 1698 triumphi
1317 1661 1418 1700 gloria

982 1702 1070 1733 Caeli
1096 1706 1278 1736 conscendit
1302 1707 1447 1740 culmina.

1042 1833 1087 1864 In
1114 1836 1144 1866 2.
1171 1835 1384 1875 Vesperis.

1092 1906 1138 1933 Ad
1155 1907 1333 1944 Magnificat.

905 1960 945 1993 A.
975 1961 999 1992 Ο
1026 1961 1172 2005 Gorgoni,
1198 1965 1338 2002 piissime

973 2007 1101 2048 Martyr
1126 2012 1158 2039 et
1180 2010 1398 2050 invictissime,

975 2053 1071 2091 Quem
1096 2055 1160 2086 suis
1183 2057 1317 2088 mundus
1342 2060 1471 2097 proeliis

973 2098 1041 2130 Nec
1064 2101 1166 2131 tenuit
1188 2110 1248 2132 nec
1271 2105 1393 2147 terruit,

972 2145 1070 2176 Posce
1092 2146 1183 2178 nobis
1207 2150 1365 2188 nequitiae

971 2190 1136 2223 Mundana
1159 2193 1246 2225 bella
1269 2197 1406 2239 vincere,

972 2236 1015 2268 Ut
1036 2238 1159 2276 pariter
1183 2248 1253 2272 cum
1276 2242 1412 2276 Domino

970 2282 1172 2316 Exsultemus
1197 2292 1361 2327 perpetum

310 2327 392 2354 Brev.
418 2336 470 2354 ms.
500 2327 528 2355 S.
548 2329 659 2357 Florini
683 2332 718 2358 ad
747 2333 928 2362 Confluentes
954 2344 1028 2363 saec.
1051 2335 1094 2364 14.
1141 2338 1209 2367 cod.
1236 2342 1330 2378 Capit.
1363 2346 1514 2374 Treviren.

237 2363 298 2392 173.
319 2365 354 2391 A.
373 2378 410 2383 —
428 2365 511 2392 Brev.
531 2374 583 2393 ms.
604 2367 633 2394 S.
654 2368 764 2396 Floriui
784 2379 857 2398 saec.
877 2370 919 2399 14.
959 2373 1028 2400 Cod.
1048 2373 1154 2403 Semin.
1173 2378 1303 2414 Magunt.
1323 2390 1346 2408 s.
1365 2391 1394 2408 n.
1414 2384 1447 2411 B.
