<?xml version="1.0" encoding="UTF-8"?>
<!DOCTYPE html PUBLIC "-//W3C//DTD XHTML 1.0 Transitional//EN"
    "http://www.w3.org/TR/xhtml1/DTD/xhtml1-transitional.dtd">
<html xmlns="http://www.w3.org/1999/xhtml" xml:lang="en" lang="en">
 <head>
  <title>
</title>
<meta http-equiv="Content-Type" content="text/html;charset=utf-8" />
  <meta name='ocr-system' content='tesseract 3.04.00' />
  <meta name='ocr-capabilities' content='ocr_page ocr_carea ocr_par ocr_line ocrx_word'/>
</head>
<body>
  <div class='ocr_page' id='page_1' title='image "./analectahymnica26drevuoft_00090.png"; bbox 0 0 1650 2542; ppageno 0'>
   <div class='ocr_carea' id='block_1_1' title="bbox 143 301 181 333">
    <p class='ocr_par' dir='ltr' id='par_1_1' title="bbox 143 301 181 333">
     <span class='ocr_line' id='line_1_1' title="bbox 143 301 181 333; baseline 0.026 -1"><span class='ocrx_word' id='word_1_1' title='bbox 143 301 181 333; x_wconf 88' lang='lat' dir='ltr'>V.</span> 
     </span>
    </p>
   </div>
   <div class='ocr_carea' id='block_1_2' title="bbox 155 460 186 492">
    <p class='ocr_par' dir='ltr' id='par_1_2' title="bbox 155 460 186 492">
     <span class='ocr_line' id='line_1_2' title="bbox 155 460 186 492; baseline -0.032 0"><span class='ocrx_word' id='word_1_2' title='bbox 155 460 186 492; x_wconf 87' lang='lat'>4.</span> 
     </span>
    </p>
   </div>
   <div class='ocr_carea' id='block_1_3' title="bbox 670 117 899 151">
    <p class='ocr_par' dir='ltr' id='par_1_3' title="bbox 670 117 899 151">
     <span class='ocr_line' id='line_1_3' title="bbox 670 117 899 151; baseline 0.009 -10"><span class='ocrx_word' id='word_1_3' title='bbox 670 117 899 151; x_wconf 63' lang='lat'>—37-</span> 
     </span>
    </p>
   </div>
   <div class='ocr_carea' id='block_1_4' title="bbox 210 208 754 434">
    <p class='ocr_par' dir='ltr' id='par_1_4' title="bbox 213 208 669 297">
     <span class='ocr_line' id='line_1_4' title="bbox 213 208 661 251; baseline 0.011 -12"><span class='ocrx_word' id='word_1_4' title='bbox 213 208 257 240; x_wconf 88' lang='lat' dir='ltr'>Et</span> <span class='ocrx_word' id='word_1_5' title='bbox 278 209 341 240; x_wconf 86' lang='lat' dir='ltr'>iam</span> <span class='ocrx_word' id='word_1_6' title='bbox 365 210 489 243; x_wconf 88' lang='lat' dir='ltr'>Christo</span> <span class='ocrx_word' id='word_1_7' title='bbox 515 213 661 251; x_wconf 88' lang='lat' dir='ltr'>copulata</span> 
     </span>
     <span class='ocr_line' id='line_1_5' title="bbox 258 254 669 297; baseline 0.012 -11"><span class='ocrx_word' id='word_1_8' title='bbox 258 254 384 287; x_wconf 79' lang='lat' dir='ltr'>Gaudes</span> <span class='ocrx_word' id='word_1_9' title='bbox 409 257 475 288; x_wconf 91' lang='lat' dir='ltr'>sole</span> <span class='ocrx_word' id='word_1_10' title='bbox 499 258 669 297; x_wconf 86' lang='lat' dir='ltr'>pulchrior.</span> 
     </span>
    </p>

    <p class='ocr_par' dir='ltr' id='par_1_5' title="bbox 210 301 754 345">
     <span class='ocr_line' id='line_1_6' title="bbox 210 301 754 345; baseline 0.007 -11"><span class='ocrx_word' id='word_1_11' title='bbox 210 301 235 334; x_wconf 92' lang='grc' dir='ltr'><em>Ο</em></span> <span class='ocrx_word' id='word_1_12' title='bbox 260 311 358 340; x_wconf 73' lang='lat' dir='ltr'>quam</span> <span class='ocrx_word' id='word_1_13' title='bbox 375 302 507 342; x_wconf 70' lang='lat' dir='ltr'>pulchri</span> <span class='ocrx_word' id='word_1_14' title='bbox 531 307 607 336; x_wconf 77' lang='lat' dir='ltr'>sunt</span> <span class='ocrx_word' id='word_1_15' title='bbox 629 314 754 345; x_wconf 72' lang='lat' dir='ltr'>yressus</span> 
     </span>
    </p>

    <p class='ocr_par' dir='ltr' id='par_1_6' title="bbox 210 347 753 392">
     <span class='ocr_line' id='line_1_7' title="bbox 210 347 753 392; baseline 0.007 -13"><span class='ocrx_word' id='word_1_16' title='bbox 210 347 260 380; x_wconf 65' lang='lat' dir='ltr'>tut</span> <span class='ocrx_word' id='word_1_17' title='bbox 273 348 312 380; x_wconf 68' lang='lat' dir='ltr'>m</span> <span class='ocrx_word' id='word_1_18' title='bbox 330 349 560 392; x_wconf 71' lang='lat' dir='ltr'><em>calceamentis,</em></span> <span class='ocrx_word' id='word_1_19' title='bbox 578 351 648 390; x_wconf 74' lang='lat' dir='ltr'>filia</span> <span class='ocrx_word' id='word_1_20' title='bbox 658 352 753 391; x_wconf 70' lang='lat' dir='ltr'>prin-</span> 
     </span>
    </p>

    <p class='ocr_par' dir='ltr' id='par_1_7' title="bbox 214 394 314 434">
     <span class='ocr_line' id='line_1_8' title="bbox 214 394 314 434; baseline 0.01 -8"><span class='ocrx_word' id='word_1_21' title='bbox 214 394 314 434; x_wconf 75' lang='lat' dir='ltr'>cipis!</span> 
     </span>
    </p>
   </div>
   <div class='ocr_carea' id='block_1_5' title="bbox 211 460 758 778">
    <p class='ocr_par' dir='ltr' id='par_1_8' title="bbox 211 460 758 778">
     <span class='ocr_line' id='line_1_9' title="bbox 212 460 714 506; baseline 0.008 -16"><span class='ocrx_word' id='word_1_22' title='bbox 212 460 384 501; x_wconf 82' lang='lat' dir='ltr'>Hedwigis,</span> <span class='ocrx_word' id='word_1_23' title='bbox 409 463 509 492; x_wconf 88' lang='lat' dir='ltr'>mater</span> <span class='ocrx_word' id='word_1_24' title='bbox 533 471 714 506; x_wconf 88' lang='lat' dir='ltr'>pauperum,</span> 
     </span>
     <span class='ocr_line' id='line_1_10' title="bbox 257 506 693 546; baseline 0.007 -8"><span class='ocrx_word' id='word_1_25' title='bbox 257 506 328 538; x_wconf 87' lang='lat' dir='ltr'>Hoc</span> <span class='ocrx_word' id='word_1_26' title='bbox 351 515 548 546; x_wconf 86' lang='lat' dir='ltr'>praeponens</span> <span class='ocrx_word' id='word_1_27' title='bbox 575 509 693 541; x_wconf 88' lang='lat' dir='ltr'>divitiis</span> 
     </span>
     <span class='ocr_line' id='line_1_11' title="bbox 213 552 636 593; baseline 0.005 -9"><span class='ocrx_word' id='word_1_28' title='bbox 213 553 297 584; x_wconf 83' lang='lat' dir='ltr'>Vere</span> <span class='ocrx_word' id='word_1_29' title='bbox 320 552 423 584; x_wconf 89' lang='lat' dir='ltr'>forma</span> <span class='ocrx_word' id='word_1_30' title='bbox 446 553 483 585; x_wconf 89' lang='lat' dir='ltr'>fit</span> <span class='ocrx_word' id='word_1_31' title='bbox 507 563 636 593; x_wconf 82' lang='lat' dir='ltr'>operum</span> 
     </span>
     <span class='ocr_line' id='line_1_12' title="bbox 259 599 573 633; baseline 0.006 -3"><span class='ocrx_word' id='word_1_32' title='bbox 259 599 303 631; x_wconf 87' lang='lat' dir='ltr'>Et</span> <span class='ocrx_word' id='word_1_33' title='bbox 325 600 454 631; x_wconf 88' lang='lat' dir='ltr'>inimica</span> <span class='ocrx_word' id='word_1_34' title='bbox 478 601 573 633; x_wconf 90' lang='lat' dir='ltr'>vitiis.</span> 
     </span>
     <span class='ocr_line' id='line_1_13' title="bbox 211 645 757 687; baseline 0.004 -11"><span class='ocrx_word' id='word_1_35' title='bbox 211 645 353 676; x_wconf 78' lang='lat' dir='ltr'>Manum</span> <span class='ocrx_word' id='word_1_36' title='bbox 386 655 482 678; x_wconf 77' lang='lat' dir='ltr'>suam</span> <span class='ocrx_word' id='word_1_37' title='bbox 514 647 642 687; x_wconf 70' lang='lat' dir='ltr'>aperuit</span> <span class='ocrx_word' id='word_1_38' title='bbox 666 647 757 687; x_wconf 71' lang='lat' dir='ltr'>inopi</span> 
     </span>
     <span class='ocr_line' id='line_1_14' title="bbox 212 692 758 731; baseline 0.007 -9"><span class='ocrx_word' id='word_1_39' title='bbox 212 694 240 723; x_wconf 72' lang='lat' dir='ltr'>et</span> <span class='ocrx_word' id='word_1_40' title='bbox 268 692 401 731; x_wconf 72' lang='lat' dir='ltr'>palmas</span> <span class='ocrx_word' id='word_1_41' title='bbox 434 702 510 725; x_wconf 78' lang='lat' dir='ltr'>suas</span> <span class='ocrx_word' id='word_1_42' title='bbox 544 694 680 726; x_wconf 73' lang='lat' dir='ltr'>extendit</span> <span class='ocrx_word' id='word_1_43' title='bbox 714 695 758 726; x_wconf 79' lang='lat' dir='ltr'>ad</span> 
     </span>
     <span class='ocr_line' id='line_1_15' title="bbox 213 747 399 778; baseline 0.005 -9"><span class='ocrx_word' id='word_1_44' title='bbox 213 747 399 778; x_wconf 66' lang='lat' dir='ltr'>pauperem.</span> 
     </span>
    </p>
   </div>
   <div class='ocr_carea' id='block_1_6' title="bbox 273 868 625 901">
    <p class='ocr_par' dir='ltr' id='par_1_9' title="bbox 273 868 625 901">
     <span class='ocr_line' id='line_1_16' title="bbox 273 868 625 901; baseline 0.006 -2"><span class='ocrx_word' id='word_1_45' title='bbox 273 868 317 900; x_wconf 89' lang='lat' dir='ltr'>In</span> <span class='ocrx_word' id='word_1_46' title='bbox 346 870 375 900; x_wconf 83' lang='lat'>2.</span> <span class='ocrx_word' id='word_1_47' title='bbox 400 869 625 901; x_wconf 86' lang='lat' dir='ltr'>Nocturno.</span> 
     </span>
    </p>
   </div>
   <div class='ocr_carea' id='block_1_7' title="bbox 352 942 545 976">
    <p class='ocr_par' dir='ltr' id='par_1_10' title="bbox 352 942 545 976">
     <span class='ocr_line' id='line_1_17' title="bbox 352 942 545 976; baseline 0.01 -8"><span class='ocrx_word' id='word_1_48' title='bbox 352 942 545 976; x_wconf 86' lang='lat' dir='ltr'>Antiphonae.</span> 
     </span>
    </p>
   </div>
   <div class='ocr_carea' id='block_1_8' title="bbox 177 999 490 1032">
    <p class='ocr_par' dir='ltr' id='par_1_11' title="bbox 177 999 490 1032">
     <span class='ocr_line' id='line_1_18' title="bbox 177 999 490 1032; baseline -0.003 0"><span class='ocrx_word' id='word_1_49' title='bbox 177 1026 183 1032; x_wconf 95' lang='lat'>.</span> <span class='ocrx_word' id='word_1_50' title='bbox 210 999 353 1031; x_wconf 87' lang='lat' dir='ltr'>Biduano</span> <span class='ocrx_word' id='word_1_51' title='bbox 375 1000 490 1032; x_wconf 89' lang='lat' dir='ltr'>ieiunio</span> 
     </span>
    </p>
   </div>
   <div class='ocr_carea' id='block_1_9' title="bbox 212 1048 571 1177">
    <p class='ocr_par' dir='ltr' id='par_1_12' title="bbox 212 1048 571 1177">
     <span class='ocr_line' id='line_1_19' title="bbox 261 1048 548 1087; baseline 0.003 -11"><span class='ocrx_word' id='word_1_52' title='bbox 261 1054 356 1077; x_wconf 85' lang='lat' dir='ltr'>carne</span> <span class='ocrx_word' id='word_1_53' title='bbox 379 1048 548 1087; x_wconf 88' lang='lat' dir='ltr'>macerata,</span> 
     </span>
     <span class='ocr_line' id='line_1_20' title="bbox 212 1092 549 1132; baseline 0 -9"><span class='ocrx_word' id='word_1_54' title='bbox 212 1092 364 1124; x_wconf 76' lang='lat' dir='ltr'><strong>Mittebat</strong></span> <span class='ocrx_word' id='word_1_55' title='bbox 388 1092 549 1132; x_wconf 79' lang='lat' dir='ltr'>egentibus</span> 
     </span>
     <span class='ocr_line' id='line_1_21' title="bbox 261 1138 571 1177; baseline 0 -8"><span class='ocrx_word' id='word_1_56' title='bbox 261 1147 402 1177; x_wconf 87' lang='lat' dir='ltr'>quaeque</span> <span class='ocrx_word' id='word_1_57' title='bbox 427 1138 571 1170; x_wconf 86' lang='lat' dir='ltr'>delicata.</span> 
     </span>
    </p>
   </div>
   <div class='ocr_carea' id='block_1_10' title="bbox 179 1202 753 1241">
    <p class='ocr_par' dir='ltr' id='par_1_13' title="bbox 179 1202 753 1241">
     <span class='ocr_line' id='line_1_22' title="bbox 179 1202 753 1241; baseline -0.002 -7"><span class='ocrx_word' id='word_1_58' title='bbox 179 1227 185 1234; x_wconf 92' lang='lat'><em>.</em></span> <span class='ocrx_word' id='word_1_59' title='bbox 211 1203 265 1234; x_wconf 83' lang='lat' dir='ltr'>Nil</span> <span class='ocrx_word' id='word_1_60' title='bbox 290 1203 468 1241; x_wconf 90' lang='lat' dir='ltr'>relinquens</span> <span class='ocrx_word' id='word_1_61' title='bbox 492 1205 619 1241; x_wconf 87' lang='lat' dir='ltr'>praeter</span> <span class='ocrx_word' id='word_1_62' title='bbox 638 1202 753 1234; x_wconf 91' lang='lat' dir='ltr'>victum</span> 
     </span>
    </p>
   </div>
   <div class='ocr_carea' id='block_1_11' title="bbox 210 1249 729 1381">
    <p class='ocr_par' dir='ltr' id='par_1_14' title="bbox 210 1249 729 1381">
     <span class='ocr_line' id='line_1_23' title="bbox 256 1249 628 1290; baseline -0.003 -9"><span class='ocrx_word' id='word_1_63' title='bbox 256 1249 307 1281; x_wconf 81' lang='lat' dir='ltr'>Ex</span> <span class='ocrx_word' id='word_1_64' title='bbox 327 1249 391 1280; x_wconf 89' lang='lat' dir='ltr'>suis</span> <span class='ocrx_word' id='word_1_65' title='bbox 415 1249 628 1290; x_wconf 76' lang='lat' dir='ltr'>proventibus,</span> 
     </span>
     <span class='ocr_line' id='line_1_24' title="bbox 210 1294 654 1327; baseline -0.002 0"><span class='ocrx_word' id='word_1_66' title='bbox 210 1295 311 1327; x_wconf 86' lang='lat' dir='ltr'>Vilem</span> <span class='ocrx_word' id='word_1_67' title='bbox 339 1294 483 1327; x_wconf 82' lang='lat' dir='ltr'>deferens</span> <span class='ocrx_word' id='word_1_68' title='bbox 508 1296 654 1326; x_wconf 87' lang='lat' dir='ltr'>amictum</span> 
     </span>
     <span class='ocr_line' id='line_1_25' title="bbox 259 1341 729 1381; baseline -0.004 -8"><span class='ocrx_word' id='word_1_69' title='bbox 259 1342 364 1373; x_wconf 82' lang='lat' dir='ltr'>Servit</span> <span class='ocrx_word' id='word_1_70' title='bbox 387 1350 507 1381; x_wconf 85' lang='lat' dir='ltr'>pauper</span> <span class='ocrx_word' id='word_1_71' title='bbox 530 1341 729 1381; x_wconf 89' lang='lat' dir='ltr'>pauperibus.</span> 
     </span>
    </p>
   </div>
   <div class='ocr_carea' id='block_1_12' title="bbox 183 1406 648 1445">
    <p class='ocr_par' dir='ltr' id='par_1_15' title="bbox 183 1406 648 1445">
     <span class='ocr_line' id='line_1_26' title="bbox 183 1406 648 1445; baseline 0 -8"><span class='ocrx_word' id='word_1_72' title='bbox 183 1431 188 1437; x_wconf 92' lang='lat'><em>.</em></span> <span class='ocrx_word' id='word_1_73' title='bbox 216 1406 383 1438; x_wconf 84' lang='lat' dir='ltr'>Gaudebat</span> <span class='ocrx_word' id='word_1_74' title='bbox 408 1407 497 1445; x_wconf 87' lang='lat' dir='ltr'>dapis</span> <span class='ocrx_word' id='word_1_75' title='bbox 521 1415 648 1437; x_wconf 86' lang='lat' dir='ltr'>munere</span> 
     </span>
    </p>
   </div>
   <div class='ocr_carea' id='block_1_13' title="bbox 213 1452 689 1584">
    <p class='ocr_par' dir='ltr' id='par_1_16' title="bbox 213 1452 689 1584">
     <span class='ocr_line' id='line_1_27' title="bbox 259 1452 641 1491; baseline -0.003 -7"><span class='ocrx_word' id='word_1_76' title='bbox 259 1453 327 1484; x_wconf 92' lang='lat' dir='ltr'>Hos</span> <span class='ocrx_word' id='word_1_77' title='bbox 353 1455 384 1483; x_wconf 90' lang='lat' dir='ltr'>et</span> <span class='ocrx_word' id='word_1_78' title='bbox 406 1453 478 1484; x_wconf 90' lang='lat' dir='ltr'>illos</span> <span class='ocrx_word' id='word_1_79' title='bbox 502 1452 641 1491; x_wconf 90' lang='lat' dir='ltr'>reficere,</span> 
     </span>
     <span class='ocr_line' id='line_1_28' title="bbox 213 1499 689 1538; baseline -0.004 -7"><span class='ocrx_word' id='word_1_80' title='bbox 213 1499 293 1538; x_wconf 78' lang='lat' dir='ltr'>Quia</span> <span class='ocrx_word' id='word_1_81' title='bbox 317 1499 474 1531; x_wconf 84' lang='lat' dir='ltr'>Christum</span> <span class='ocrx_word' id='word_1_82' title='bbox 498 1499 531 1530; x_wconf 89' lang='lat' dir='ltr'>in</span> <span class='ocrx_word' id='word_1_83' title='bbox 552 1507 689 1538; x_wconf 83' lang='lat' dir='ltr'>paupere</span> 
     </span>
     <span class='ocr_line' id='line_1_29' title="bbox 255 1545 663 1584; baseline -0.002 -7"><span class='ocrx_word' id='word_1_84' title='bbox 255 1546 296 1578; x_wconf 82' lang='lat' dir='ltr'>Se</span> <span class='ocrx_word' id='word_1_85' title='bbox 322 1545 472 1577; x_wconf 86' lang='lat' dir='ltr'>credebat</span> <span class='ocrx_word' id='word_1_86' title='bbox 495 1546 663 1584; x_wconf 84' lang='lat' dir='ltr'>suscipere.</span> 
     </span>
    </p>
   </div>
   <div class='ocr_carea' id='block_1_14' title="bbox 208 1610 748 1883">
    <p class='ocr_par' dir='ltr' id='par_1_17' title="bbox 208 1610 748 1883">
     <span class='ocr_line' id='line_1_30' title="bbox 210 1610 538 1650; baseline -0.003 -8"><span class='ocrx_word' id='word_1_87' title='bbox 210 1611 299 1643; x_wconf 88' lang='lat' dir='ltr'>Nivis</span> <span class='ocrx_word' id='word_1_88' title='bbox 323 1610 356 1642; x_wconf 92' lang='lat' dir='ltr'>in</span> <span class='ocrx_word' id='word_1_89' title='bbox 381 1610 538 1650; x_wconf 86' lang='lat' dir='ltr'>algoribus</span> 
     </span>
     <span class='ocr_line' id='line_1_31' title="bbox 209 1656 603 1696; baseline -0.005 -7"><span class='ocrx_word' id='word_1_90' title='bbox 209 1657 304 1689; x_wconf 80' lang='lat' dir='ltr'>Nuda</span> <span class='ocrx_word' id='word_1_91' title='bbox 328 1656 420 1688; x_wconf 89' lang='lat' dir='ltr'>nudis</span> <span class='ocrx_word' id='word_1_92' title='bbox 446 1656 603 1696; x_wconf 82' lang='lat' dir='ltr'>gressibus</span> 
     </span>
     <span class='ocr_line' id='line_1_32' title="bbox 255 1702 748 1743; baseline -0.002 -8"><span class='ocrx_word' id='word_1_93' title='bbox 255 1704 381 1735; x_wconf 87' lang='lat' dir='ltr'>Nudum</span> <span class='ocrx_word' id='word_1_94' title='bbox 408 1702 563 1735; x_wconf 85' lang='lat' dir='ltr'>Christum</span> <span class='ocrx_word' id='word_1_95' title='bbox 599 1703 748 1743; x_wconf 85' lang='lat' dir='ltr'>sequitur,</span> 
     </span>
     <span class='ocr_line' id='line_1_33' title="bbox 208 1750 525 1782; baseline -0.003 0"><span class='ocrx_word' id='word_1_96' title='bbox 208 1750 343 1782; x_wconf 86' lang='lat' dir='ltr'>Infirmis</span> <span class='ocrx_word' id='word_1_97' title='bbox 370 1750 525 1781; x_wconf 85' lang='lat' dir='ltr'>debilibus</span> 
     </span>
     <span class='ocr_line' id='line_1_34' title="bbox 208 1796 558 1836; baseline -0.006 -7"><span class='ocrx_word' id='word_1_98' title='bbox 208 1798 253 1829; x_wconf 90' lang='lat' dir='ltr'>Et</span> <span class='ocrx_word' id='word_1_99' title='bbox 275 1796 377 1836; x_wconf 86' lang='lat' dir='ltr'>plenis</span> <span class='ocrx_word' id='word_1_100' title='bbox 400 1796 558 1827; x_wconf 85' lang='lat' dir='ltr'>ulceribus</span> 
     </span>
     <span class='ocr_line' id='line_1_35' title="bbox 255 1843 620 1883; baseline 0 -8"><span class='ocrx_word' id='word_1_101' title='bbox 255 1843 404 1883; x_wconf 90' lang='lat' dir='ltr'>Leprosis</span> <span class='ocrx_word' id='word_1_102' title='bbox 429 1843 620 1882; x_wconf 81' lang='lat' dir='ltr'>obsequitur.</span> 
     </span>
    </p>
   </div>
   <div class='ocr_carea' id='block_1_15' title="bbox 174 1908 581 1947">
    <p class='ocr_par' dir='ltr' id='par_1_18' title="bbox 174 1908 581 1947">
     <span class='ocr_line' id='line_1_36' title="bbox 174 1908 581 1947; baseline -0.005 -6"><span class='ocrx_word' id='word_1_103' title='bbox 174 1934 181 1941; x_wconf 92' lang='lat'><strong><em>.</em></strong></span> <span class='ocrx_word' id='word_1_104' title='bbox 206 1909 330 1941; x_wconf 87' lang='lat' dir='ltr'>Mutato</span> <span class='ocrx_word' id='word_1_105' title='bbox 356 1908 460 1941; x_wconf 87' lang='lat' dir='ltr'>vultus</span> <span class='ocrx_word' id='word_1_106' title='bbox 484 1908 581 1947; x_wconf 87' lang='lat' dir='ltr'>pallio</span> 
     </span>
    </p>
   </div>
   <div class='ocr_carea' id='block_1_16' title="bbox 205 1954 692 2088">
    <p class='ocr_par' dir='ltr' id='par_1_19' title="bbox 205 1954 692 2088">
     <span class='ocr_line' id='line_1_37' title="bbox 256 1954 690 1994; baseline -0.007 -6"><span class='ocrx_word' id='word_1_107' title='bbox 256 1955 342 1988; x_wconf 86' lang='lat' dir='ltr'>Clam</span> <span class='ocrx_word' id='word_1_108' title='bbox 366 1954 517 1987; x_wconf 88' lang='lat' dir='ltr'>visitabat</span> <span class='ocrx_word' id='word_1_109' title='bbox 539 1962 690 1994; x_wconf 86' lang='lat' dir='ltr'>carceres,</span> 
     </span>
     <span class='ocr_line' id='line_1_38' title="bbox 205 2001 692 2041; baseline -0.004 -7"><span class='ocrx_word' id='word_1_110' title='bbox 205 2001 361 2035; x_wconf 86' lang='lat' dir='ltr'>Adflictas</span> <span class='ocrx_word' id='word_1_111' title='bbox 386 2006 501 2033; x_wconf 85' lang='lat' dir='ltr'>matres</span> <span class='ocrx_word' id='word_1_112' title='bbox 524 2002 692 2041; x_wconf 87' lang='lat' dir='ltr'>puerperio</span> 
     </span>
     <span class='ocr_line' id='line_1_39' title="bbox 253 2049 628 2088; baseline -0.005 -6"><span class='ocrx_word' id='word_1_113' title='bbox 253 2049 439 2082; x_wconf 90' lang='lat' dir='ltr'>Consolatur</span> <span class='ocrx_word' id='word_1_114' title='bbox 463 2057 628 2088; x_wconf 87' lang='lat' dir='ltr'>pauperes.</span> 
     </span>
    </p>
   </div>
   <div class='ocr_carea' id='block_1_17' title="bbox 204 2114 586 2387">
    <p class='ocr_par' dir='ltr' id='par_1_20' title="bbox 209 2114 586 2202">
     <span class='ocr_line' id='line_1_40' title="bbox 209 2114 502 2147; baseline -0.007 0"><span class='ocrx_word' id='word_1_115' title='bbox 209 2114 369 2147; x_wconf 88' lang='lat' dir='ltr'>Circuibat</span> <span class='ocrx_word' id='word_1_116' title='bbox 392 2114 502 2145; x_wconf 88' lang='lat' dir='ltr'>sedula</span> 
     </span>
     <span class='ocr_line' id='line_1_41' title="bbox 254 2160 586 2202; baseline -0.003 -9"><span class='ocrx_word' id='word_1_117' title='bbox 254 2160 356 2194; x_wconf 88' lang='lat' dir='ltr'>Cellas</span> <span class='ocrx_word' id='word_1_118' title='bbox 382 2161 586 2202; x_wconf 84' lang='lat' dir='ltr'>dominarum,</span> 
     </span>
    </p>

    <p class='ocr_par' dir='ltr' id='par_1_21' title="bbox 205 2207 586 2295">
     <span class='ocr_line' id='line_1_42' title="bbox 205 2207 543 2240; baseline -0.006 0"><span class='ocrx_word' id='word_1_119' title='bbox 205 2208 251 2240; x_wconf 90' lang='lat' dir='ltr'>Ut</span> <span class='ocrx_word' id='word_1_120' title='bbox 274 2207 397 2240; x_wconf 84' lang='lat' dir='ltr'>videret</span> <span class='ocrx_word' id='word_1_121' title='bbox 421 2208 543 2239; x_wconf 84' lang='lat' dir='ltr'>aemula</span> 
     </span>
     <span class='ocr_line' id='line_1_43' title="bbox 251 2254 586 2295; baseline -0.003 -9"><span class='ocrx_word' id='word_1_122' title='bbox 251 2254 373 2287; x_wconf 82' lang='lat' dir='ltr'>Statum</span> <span class='ocrx_word' id='word_1_123' title='bbox 397 2254 586 2295; x_wconf 88' lang='lat' dir='ltr'>singularum</span> 
     </span>
    </p>

    <p class='ocr_par' dir='ltr' id='par_1_22' title="bbox 204 2300 558 2387">
     <span class='ocr_line' id='line_1_44' title="bbox 204 2300 558 2335; baseline -0.003 -2"><span class='ocrx_word' id='word_1_124' title='bbox 204 2301 249 2333; x_wconf 84' lang='lat' dir='ltr'>Et</span> <span class='ocrx_word' id='word_1_125' title='bbox 272 2300 406 2332; x_wconf 87' lang='lat' dir='ltr'>serviret</span> <span class='ocrx_word' id='word_1_126' title='bbox 428 2301 558 2335; x_wconf 85' lang='lat' dir='ltr'>vernula</span> 
     </span>
     <span class='ocr_line' id='line_1_45' title="bbox 252 2347 557 2387; baseline -0.007 -7"><span class='ocrx_word' id='word_1_127' title='bbox 252 2347 417 2387; x_wconf 82' lang='lat' dir='ltr'>Questibus</span> <span class='ocrx_word' id='word_1_128' title='bbox 442 2356 557 2382; x_wconf 85' lang='lat' dir='ltr'>earum.</span> 
     </span>
    </p>
   </div>
   <div class='ocr_carea' id='block_1_18' title="bbox 1011 212 1217 246">
    <p class='ocr_par' dir='ltr' id='par_1_23' title="bbox 1011 212 1217 246">
     <span class='ocr_line' id='line_1_46' title="bbox 1011 212 1217 246; baseline 0 -8"><span class='ocrx_word' id='word_1_129' title='bbox 1011 212 1217 246; x_wconf 86' lang='lat' dir='ltr'>Responsoria.</span> 
     </span>
    </p>
   </div>
   <div class='ocr_carea' id='block_1_19' title="bbox 823 268 1309 307">
    <p class='ocr_par' dir='ltr' id='par_1_24' title="bbox 823 268 1309 307">
     <span class='ocr_line' id='line_1_47' title="bbox 823 268 1309 307; baseline -0.004 -7"><span class='ocrx_word' id='word_1_130' title='bbox 823 268 853 300; x_wconf 89' lang='lat'>1.</span> <span class='ocrx_word' id='word_1_131' title='bbox 878 268 990 300; x_wconf 86' lang='lat' dir='ltr'>Manus</span> <span class='ocrx_word' id='word_1_132' title='bbox 1014 268 1126 300; x_wconf 88' lang='lat' dir='ltr'>beatae</span> <span class='ocrx_word' id='word_1_133' title='bbox 1150 268 1309 307; x_wconf 84' lang='lat' dir='ltr'>Hedwigis</span> 
     </span>
    </p>
   </div>
   <div class='ocr_carea' id='block_1_20' title="bbox 879 314 1419 541">
    <p class='ocr_par' dir='ltr' id='par_1_25' title="bbox 879 314 1419 401">
     <span class='ocr_line' id='line_1_48' title="bbox 879 314 1272 346; baseline 0 -1"><span class='ocrx_word' id='word_1_134' title='bbox 879 314 1053 346; x_wconf 88' lang='lat' dir='ltr'>Laboribus</span> <span class='ocrx_word' id='word_1_135' title='bbox 1079 323 1118 346; x_wconf 85' lang='lat' dir='ltr'>ex</span> <span class='ocrx_word' id='word_1_136' title='bbox 1142 315 1272 346; x_wconf 88' lang='lat' dir='ltr'>sinceris</span> 
     </span>
     <span class='ocr_line' id='line_1_49' title="bbox 925 361 1419 401; baseline -0.004 -8"><span class='ocrx_word' id='word_1_137' title='bbox 925 361 1066 393; x_wconf 87' lang='lat' dir='ltr'>Murram</span> <span class='ocrx_word' id='word_1_138' title='bbox 1089 361 1243 393; x_wconf 80' lang='lat' dir='ltr'>distillant</span> <span class='ocrx_word' id='word_1_139' title='bbox 1260 361 1419 401; x_wconf 83' lang='lat' dir='ltr'>optimam,</span> 
     </span>
    </p>

    <p class='ocr_par' dir='ltr' id='par_1_26' title="bbox 880 407 1350 448">
     <span class='ocr_line' id='line_1_50' title="bbox 880 407 1350 448; baseline -0.002 -10"><span class='ocrx_word' id='word_1_140' title='bbox 880 407 990 439; x_wconf 87' lang='lat' dir='ltr'>Murra</span> <span class='ocrx_word' id='word_1_141' title='bbox 1013 408 1111 439; x_wconf 86' lang='lat' dir='ltr'>stillat</span> <span class='ocrx_word' id='word_1_142' title='bbox 1136 408 1175 439; x_wconf 91' lang='lat' dir='ltr'>de</span> <span class='ocrx_word' id='word_1_143' title='bbox 1197 407 1350 448; x_wconf 90' lang='lat' dir='ltr'>manibus,</span> 
     </span>
    </p>

    <p class='ocr_par' dir='ltr' id='par_1_27' title="bbox 880 453 1350 541">
     <span class='ocr_line' id='line_1_51' title="bbox 880 453 1350 493; baseline -0.002 -8"><span class='ocrx_word' id='word_1_144' title='bbox 880 454 961 485; x_wconf 89' lang='lat' dir='ltr'>Dum</span> <span class='ocrx_word' id='word_1_145' title='bbox 988 454 1136 493; x_wconf 84' lang='lat' dir='ltr'>dispersit</span> <span class='ocrx_word' id='word_1_146' title='bbox 1159 453 1350 493; x_wconf 84' lang='lat' dir='ltr'>pauperibus</span> 
     </span>
     <span class='ocr_line' id='line_1_52' title="bbox 923 500 1327 541; baseline -0.002 -10"><span class='ocrx_word' id='word_1_147' title='bbox 923 500 968 531; x_wconf 90' lang='lat' dir='ltr'>Et</span> <span class='ocrx_word' id='word_1_148' title='bbox 992 500 1080 531; x_wconf 85' lang='lat' dir='ltr'>dedit</span> <span class='ocrx_word' id='word_1_149' title='bbox 1103 501 1327 541; x_wconf 73' lang='lat' dir='ltr'>elemosynam,</span> 
     </span>
    </p>
   </div>
   <div class='ocr_carea' id='block_1_21' title="bbox 842 546 1391 586">
    <p class='ocr_par' dir='ltr' id='par_1_28' title="bbox 842 546 1391 586">
     <span class='ocr_line' id='line_1_53' title="bbox 842 546 1391 586; baseline -0.005 -6"><span class='ocrx_word' id='word_1_150' title='bbox 842 573 848 580; x_wconf 96' lang='lat'>.</span> <span class='ocrx_word' id='word_1_151' title='bbox 879 547 993 579; x_wconf 87' lang='lat' dir='ltr'>Preces</span> <span class='ocrx_word' id='word_1_152' title='bbox 1016 555 1137 586; x_wconf 84' lang='lat' dir='ltr'>quoque</span> <span class='ocrx_word' id='word_1_153' title='bbox 1161 555 1230 578; x_wconf 90' lang='lat' dir='ltr'>cum</span> <span class='ocrx_word' id='word_1_154' title='bbox 1253 546 1391 577; x_wconf 84' lang='lat' dir='ltr'>lacrimis</span> 
     </span>
    </p>
   </div>
   <div class='ocr_carea' id='block_1_22' title="bbox 881 592 1341 672">
    <p class='ocr_par' dir='ltr' id='par_1_29' title="bbox 881 592 1341 672">
     <span class='ocr_line' id='line_1_54' title="bbox 881 592 1313 624; baseline 0.002 -1"><span class='ocrx_word' id='word_1_155' title='bbox 881 592 948 624; x_wconf 90' lang='lat' dir='ltr'>Deo</span> <span class='ocrx_word' id='word_1_156' title='bbox 973 592 1106 624; x_wconf 84' lang='lat' dir='ltr'>fundens</span> <span class='ocrx_word' id='word_1_157' title='bbox 1131 593 1170 624; x_wconf 87' lang='lat' dir='ltr'>ab</span> <span class='ocrx_word' id='word_1_158' title='bbox 1196 593 1313 624; x_wconf 87' lang='lat' dir='ltr'>intimis</span> 
     </span>
     <span class='ocr_line' id='line_1_55' title="bbox 929 639 1341 672; baseline 0.002 -2"><span class='ocrx_word' id='word_1_159' title='bbox 929 639 1040 671; x_wconf 84' lang='lat' dir='ltr'>Cordis</span> <span class='ocrx_word' id='word_1_160' title='bbox 1064 639 1176 671; x_wconf 87' lang='lat' dir='ltr'>libavit</span> <span class='ocrx_word' id='word_1_161' title='bbox 1199 640 1341 672; x_wconf 89' lang='lat' dir='ltr'>hostiam.</span> 
     </span>
    </p>
   </div>
   <div class='ocr_carea' id='block_1_23' title="bbox 849 694 1261 734">
    <p class='ocr_par' dir='ltr' id='par_1_30' title="bbox 849 694 1261 734">
     <span class='ocr_line' id='line_1_56' title="bbox 849 694 1261 734; baseline -0.005 -7"><span class='ocrx_word' id='word_1_162' title='bbox 849 720 856 727; x_wconf 91' lang='lat'><strong><em>.</em></strong></span> <span class='ocrx_word' id='word_1_163' title='bbox 880 694 1056 734; x_wconf 83' lang='lat' dir='ltr'>Margarita</span> <span class='ocrx_word' id='word_1_164' title='bbox 1079 695 1144 726; x_wconf 83' lang='lat' dir='ltr'>solo</span> <span class='ocrx_word' id='word_1_165' title='bbox 1168 697 1261 734; x_wconf 87' lang='lat' dir='ltr'>tecta,</span> 
     </span>
    </p>
   </div>
   <div class='ocr_carea' id='block_1_24' title="bbox 879 741 1372 965">
    <p class='ocr_par' dir='ltr' id='par_1_31' title="bbox 882 741 1372 826">
     <span class='ocr_line' id='line_1_57' title="bbox 882 741 1372 783; baseline -0.002 -11"><span class='ocrx_word' id='word_1_166' title='bbox 882 741 1041 779; x_wconf 76' lang='lat' dir='ltr'>Quondam</span> <span class='ocrx_word' id='word_1_167' title='bbox 1065 741 1137 773; x_wconf 90' lang='lat' dir='ltr'>vilis</span> <span class='ocrx_word' id='word_1_168' title='bbox 1162 744 1193 772; x_wconf 94' lang='lat' dir='ltr'>et</span> <span class='ocrx_word' id='word_1_169' title='bbox 1216 741 1372 783; x_wconf 84' lang='lat' dir='ltr'>despecta,</span> 
     </span>
     <span class='ocr_line' id='line_1_58' title="bbox 926 786 1226 826; baseline 0 -7"><span class='ocrx_word' id='word_1_170' title='bbox 926 788 993 819; x_wconf 88' lang='lat' dir='ltr'>Ista</span> <span class='ocrx_word' id='word_1_171' title='bbox 1015 787 1076 818; x_wconf 88' lang='lat' dir='ltr'>Dei</span> <span class='ocrx_word' id='word_1_172' title='bbox 1100 786 1226 826; x_wconf 87' lang='lat' dir='ltr'>famula,</span> 
     </span>
    </p>

    <p class='ocr_par' dir='ltr' id='par_1_32' title="bbox 879 832 1329 873">
     <span class='ocr_line' id='line_1_59' title="bbox 879 832 1329 873; baseline 0 -9"><span class='ocrx_word' id='word_1_173' title='bbox 879 832 1008 864; x_wconf 85' lang='lat' dir='ltr'>Gemma</span> <span class='ocrx_word' id='word_1_174' title='bbox 1030 834 1136 865; x_wconf 90' lang='lat' dir='ltr'>lucens</span> <span class='ocrx_word' id='word_1_175' title='bbox 1160 837 1196 865; x_wconf 89' lang='lat' dir='ltr'>ut</span> <span class='ocrx_word' id='word_1_176' title='bbox 1219 834 1329 873; x_wconf 89' lang='lat' dir='ltr'>electa,</span> 
     </span>
    </p>

    <p class='ocr_par' dir='ltr' id='par_1_33' title="bbox 882 879 1331 965">
     <span class='ocr_line' id='line_1_60' title="bbox 882 879 1331 911; baseline 0 -1"><span class='ocrx_word' id='word_1_177' title='bbox 882 879 990 910; x_wconf 87' lang='lat' dir='ltr'>Carnis</span> <span class='ocrx_word' id='word_1_178' title='bbox 1015 880 1097 911; x_wconf 91' lang='lat' dir='ltr'>nube</span> <span class='ocrx_word' id='word_1_179' title='bbox 1120 880 1181 911; x_wconf 84' lang='lat' dir='ltr'>iam</span> <span class='ocrx_word' id='word_1_180' title='bbox 1207 880 1331 911; x_wconf 83' lang='lat' dir='ltr'>detecta</span> 
     </span>
     <span class='ocr_line' id='line_1_61' title="bbox 926 925 1302 965; baseline 0 -9"><span class='ocrx_word' id='word_1_181' title='bbox 926 925 1040 965; x_wconf 85' lang='lat' dir='ltr'>Fulget</span> <span class='ocrx_word' id='word_1_182' title='bbox 1062 934 1120 965; x_wconf 89' lang='lat' dir='ltr'>per</span> <span class='ocrx_word' id='word_1_183' title='bbox 1143 926 1302 965; x_wconf 86' lang='lat' dir='ltr'>miracula,</span> 
     </span>
    </p>
   </div>
   <div class='ocr_carea' id='block_1_25' title="bbox 842 971 1307 1004">
    <p class='ocr_par' dir='ltr' id='par_1_34' title="bbox 842 971 1307 1004">
     <span class='ocr_line' id='line_1_62' title="bbox 842 971 1307 1004; baseline -0.004 0"><span class='ocrx_word' id='word_1_184' title='bbox 842 997 849 1004; x_wconf 92' lang='lat'><strong>.</strong></span> <span class='ocrx_word' id='word_1_185' title='bbox 876 971 913 1002; x_wconf 90' lang='lat' dir='ltr'>In</span> <span class='ocrx_word' id='word_1_186' title='bbox 937 972 1068 1002; x_wconf 88' lang='lat' dir='ltr'>sublime</span> <span class='ocrx_word' id='word_1_187' title='bbox 1092 974 1177 1003; x_wconf 88' lang='lat' dir='ltr'>stans</span> <span class='ocrx_word' id='word_1_188' title='bbox 1204 974 1307 1002; x_wconf 85' lang='lat' dir='ltr'>erecta</span> 
     </span>
    </p>
   </div>
   <div class='ocr_carea' id='block_1_26' title="bbox 881 1017 1318 1103">
    <p class='ocr_par' dir='ltr' id='par_1_35' title="bbox 881 1017 1318 1103">
     <span class='ocr_line' id='line_1_63' title="bbox 881 1017 1318 1049; baseline 0 -1"><span class='ocrx_word' id='word_1_189' title='bbox 881 1017 1007 1048; x_wconf 90' lang='lat' dir='ltr'>Caelum</span> <span class='ocrx_word' id='word_1_190' title='bbox 1030 1018 1132 1049; x_wconf 84' lang='lat' dir='ltr'>tendit</span> <span class='ocrx_word' id='word_1_191' title='bbox 1155 1019 1207 1049; x_wconf 84' lang='lat' dir='ltr'>via</span> <span class='ocrx_word' id='word_1_192' title='bbox 1230 1020 1318 1048; x_wconf 87' lang='lat' dir='ltr'>recta</span> 
     </span>
     <span class='ocr_line' id='line_1_64' title="bbox 925 1062 1276 1103; baseline 0.006 -9"><span class='ocrx_word' id='word_1_193' title='bbox 925 1064 1021 1095; x_wconf 89' lang='lat' dir='ltr'>Velut</span> <span class='ocrx_word' id='word_1_194' title='bbox 1044 1062 1120 1095; x_wconf 83' lang='lat' dir='ltr'>fumi</span> <span class='ocrx_word' id='word_1_195' title='bbox 1145 1064 1276 1103; x_wconf 87' lang='lat' dir='ltr'>virgula.</span> 
     </span>
    </p>
   </div>
   <div class='ocr_carea' id='block_1_27' title="bbox 849 1119 1261 1158">
    <p class='ocr_par' dir='ltr' id='par_1_36' title="bbox 849 1119 1261 1158">
     <span class='ocr_line' id='line_1_65' title="bbox 849 1119 1261 1158; baseline -0.002 -8"><span class='ocrx_word' id='word_1_196' title='bbox 849 1143 855 1150; x_wconf 96' lang='lat'>.</span> <span class='ocrx_word' id='word_1_197' title='bbox 880 1119 1019 1158; x_wconf 83' lang='lat' dir='ltr'>Aegypti</span> <span class='ocrx_word' id='word_1_198' title='bbox 1042 1119 1127 1150; x_wconf 86' lang='lat' dir='ltr'>nuda</span> <span class='ocrx_word' id='word_1_199' title='bbox 1152 1119 1261 1158; x_wconf 89' lang='lat' dir='ltr'>pallio,</span> 
     </span>
    </p>
   </div>
   <div class='ocr_carea' id='block_1_28' title="bbox 878 1165 1357 1390">
    <p class='ocr_par' dir='ltr' id='par_1_37' title="bbox 878 1165 1357 1390">
     <span class='ocr_line' id='line_1_66' title="bbox 880 1165 1212 1204; baseline -0.003 -7"><span class='ocrx_word' id='word_1_200' title='bbox 880 1165 998 1197; x_wconf 84' lang='lat' dir='ltr'>Ornata</span> <span class='ocrx_word' id='word_1_201' title='bbox 1021 1165 1105 1196; x_wconf 90' lang='lat' dir='ltr'>cultu</span> <span class='ocrx_word' id='word_1_202' title='bbox 1128 1165 1212 1204; x_wconf 86' lang='lat' dir='ltr'>regio</span> 
     </span>
     <span class='ocr_line' id='line_1_67' title="bbox 924 1211 1204 1243; baseline -0.004 -1"><span class='ocrx_word' id='word_1_203' title='bbox 924 1211 1009 1243; x_wconf 84' lang='lat' dir='ltr'>Filia</span> <span class='ocrx_word' id='word_1_204' title='bbox 1033 1211 1204 1243; x_wconf 89' lang='lat' dir='ltr'>Pharaonis</span> 
     </span>
     <span class='ocr_line' id='line_1_68' title="bbox 879 1258 1341 1298; baseline -0.002 -9"><span class='ocrx_word' id='word_1_205' title='bbox 879 1258 942 1290; x_wconf 87' lang='lat' dir='ltr'>Per</span> <span class='ocrx_word' id='word_1_206' title='bbox 966 1266 1125 1289; x_wconf 83' lang='lat' dir='ltr'>ascensum</span> <span class='ocrx_word' id='word_1_207' title='bbox 1151 1266 1341 1298; x_wconf 86' lang='lat' dir='ltr'>purpureum</span> 
     </span>
     <span class='ocr_line' id='line_1_69' title="bbox 878 1304 1357 1344; baseline -0.002 -8"><span class='ocrx_word' id='word_1_208' title='bbox 878 1304 930 1336; x_wconf 88' lang='lat' dir='ltr'>Ad</span> <span class='ocrx_word' id='word_1_209' title='bbox 954 1305 1100 1335; x_wconf 88' lang='lat' dir='ltr'>thronum</span> <span class='ocrx_word' id='word_1_210' title='bbox 1123 1304 1207 1344; x_wconf 88' lang='lat' dir='ltr'>regis</span> <span class='ocrx_word' id='word_1_211' title='bbox 1232 1313 1357 1335; x_wconf 89' lang='lat' dir='ltr'>aureum</span> 
     </span>
     <span class='ocr_line' id='line_1_70' title="bbox 923 1350 1278 1390; baseline -0.003 -8"><span class='ocrx_word' id='word_1_212' title='bbox 923 1351 1072 1382; x_wconf 84' lang='lat' dir='ltr'>Pervenit</span> <span class='ocrx_word' id='word_1_213' title='bbox 1096 1350 1278 1390; x_wconf 85' lang='lat' dir='ltr'>Salomonis,</span> 
     </span>
    </p>
   </div>
   <div class='ocr_carea' id='block_1_29' title="bbox 839 1397 1358 1437">
    <p class='ocr_par' dir='ltr' id='par_1_38' title="bbox 839 1397 1358 1437">
     <span class='ocr_line' id='line_1_71' title="bbox 839 1397 1358 1437; baseline -0.006 -7"><span class='ocrx_word' id='word_1_214' title='bbox 839 1424 845 1430; x_wconf 94' lang='lat'><em>.</em></span> <span class='ocrx_word' id='word_1_215' title='bbox 875 1397 1036 1437; x_wconf 83' lang='lat' dir='ltr'>Hedwigis</span> <span class='ocrx_word' id='word_1_216' title='bbox 1061 1397 1190 1428; x_wconf 88' lang='lat' dir='ltr'>tradens</span> <span class='ocrx_word' id='word_1_217' title='bbox 1214 1397 1358 1435; x_wconf 87' lang='lat' dir='ltr'>spiritum</span> 
     </span>
    </p>
   </div>
   <div class='ocr_carea' id='block_1_30' title="bbox 876 1443 1283 1529">
    <p class='ocr_par' dir='ltr' id='par_1_39' title="bbox 876 1443 1283 1529">
     <span class='ocr_line' id='line_1_72' title="bbox 876 1443 1274 1483; baseline 0 -9"><span class='ocrx_word' id='word_1_218' title='bbox 876 1443 1013 1474; x_wconf 84' lang='lat' dir='ltr'>Felicem</span> <span class='ocrx_word' id='word_1_219' title='bbox 1038 1451 1132 1483; x_wconf 89' lang='lat' dir='ltr'>agens</span> <span class='ocrx_word' id='word_1_220' title='bbox 1158 1443 1274 1474; x_wconf 85' lang='lat' dir='ltr'>exitum</span> 
     </span>
     <span class='ocr_line' id='line_1_73' title="bbox 924 1489 1283 1529; baseline -0.003 -8"><span class='ocrx_word' id='word_1_221' title='bbox 924 1490 973 1521; x_wconf 91' lang='lat' dir='ltr'>De</span> <span class='ocrx_word' id='word_1_222' title='bbox 996 1492 1082 1521; x_wconf 87' lang='lat' dir='ltr'>terra</span> <span class='ocrx_word' id='word_1_223' title='bbox 1103 1489 1283 1529; x_wconf 85' lang='lat' dir='ltr'>Babylonis.</span> 
     </span>
    </p>
   </div>
   <div class='ocr_carea' id='block_1_31' title="bbox 847 1545 1339 1585">
    <p class='ocr_par' dir='ltr' id='par_1_40' title="bbox 847 1545 1339 1585">
     <span class='ocr_line' id='line_1_74' title="bbox 847 1545 1339 1585; baseline -0.004 -7"><span class='ocrx_word' id='word_1_224' title='bbox 847 1572 852 1578; x_wconf 95' lang='lat'>.</span> <span class='ocrx_word' id='word_1_225' title='bbox 875 1545 970 1583; x_wconf 89' lang='lat' dir='ltr'>Audi,</span> <span class='ocrx_word' id='word_1_226' title='bbox 996 1547 1096 1576; x_wconf 87' lang='lat' dir='ltr'>mater</span> <span class='ocrx_word' id='word_1_227' title='bbox 1120 1545 1339 1585; x_wconf 89' lang='lat' dir='ltr'>orphanorum,</span> 
     </span>
    </p>
   </div>
   <div class='ocr_carea' id='block_1_32' title="bbox 877 1591 1381 1811">
    <p class='ocr_par' dir='ltr' id='par_1_41' title="bbox 924 1591 1253 1634">
     <span class='ocr_line' id='line_1_75' title="bbox 924 1591 1253 1634; baseline 0 -12"><span class='ocrx_word' id='word_1_228' title='bbox 924 1591 1064 1623; x_wconf 82' lang='lat' dir='ltr'>Gemitus</span> <span class='ocrx_word' id='word_1_229' title='bbox 1089 1592 1253 1634; x_wconf 91' lang='lat' dir='ltr'>orantium,</span> 
     </span>
    </p>

    <p class='ocr_par' dir='ltr' id='par_1_42' title="bbox 877 1638 1276 1726">
     <span class='ocr_line' id='line_1_76' title="bbox 877 1638 1265 1670; baseline -0.003 0"><span class='ocrx_word' id='word_1_230' title='bbox 877 1638 954 1670; x_wconf 87' lang='lat' dir='ltr'>Esto</span> <span class='ocrx_word' id='word_1_231' title='bbox 979 1638 1116 1669; x_wconf 90' lang='lat' dir='ltr'>solamen</span> <span class='ocrx_word' id='word_1_232' title='bbox 1141 1646 1265 1669; x_wconf 88' lang='lat' dir='ltr'>reorum</span> 
     </span>
     <span class='ocr_line' id='line_1_77' title="bbox 921 1683 1276 1726; baseline 0 -11"><span class='ocrx_word' id='word_1_233' title='bbox 921 1685 971 1715; x_wconf 86' lang='lat' dir='ltr'>Ac</span> <span class='ocrx_word' id='word_1_234' title='bbox 993 1686 1092 1715; x_wconf 88' lang='lat' dir='ltr'>tutum</span> <span class='ocrx_word' id='word_1_235' title='bbox 1113 1683 1276 1726; x_wconf 84' lang='lat' dir='ltr'>refugium,</span> 
     </span>
    </p>

    <p class='ocr_par' dir='ltr' id='par_1_43' title="bbox 877 1731 1381 1811">
     <span class='ocr_line' id='line_1_78' title="bbox 877 1731 1381 1771; baseline 0.002 -9"><span class='ocrx_word' id='word_1_236' title='bbox 877 1731 937 1762; x_wconf 89' lang='lat' dir='ltr'>Per</span> <span class='ocrx_word' id='word_1_237' title='bbox 960 1734 992 1762; x_wconf 91' lang='lat' dir='ltr'>te</span> <span class='ocrx_word' id='word_1_238' title='bbox 1017 1731 1158 1764; x_wconf 89' lang='lat' dir='ltr'>Christus</span> <span class='ocrx_word' id='word_1_239' title='bbox 1183 1734 1381 1771; x_wconf 84' lang='lat' dir='ltr'>peccatorum</span> 
     </span>
     <span class='ocr_line' id='line_1_79' title="bbox 918 1778 1328 1811; baseline 0.005 -2"><span class='ocrx_word' id='word_1_240' title='bbox 918 1778 1031 1810; x_wconf 87' lang='lat' dir='ltr'>Vincla</span> <span class='ocrx_word' id='word_1_241' title='bbox 1055 1778 1158 1809; x_wconf 85' lang='lat' dir='ltr'>solvat</span> <span class='ocrx_word' id='word_1_242' title='bbox 1182 1779 1328 1811; x_wconf 87' lang='lat' dir='ltr'>omnium.</span> 
     </span>
    </p>
   </div>
   <div class='ocr_carea' id='block_1_33' title="bbox 836 1825 1417 1865">
    <p class='ocr_par' dir='ltr' id='par_1_44' title="bbox 836 1825 1417 1865">
     <span class='ocr_line' id='line_1_80' title="bbox 836 1825 1417 1865; baseline 0 -8"><span class='ocrx_word' id='word_1_243' title='bbox 836 1850 843 1857; x_wconf 93' lang='lat'>.</span> <span class='ocrx_word' id='word_1_244' title='bbox 873 1825 970 1856; x_wconf 73' lang='lat' dir='ltr'>,Nunc</span> <span class='ocrx_word' id='word_1_245' title='bbox 994 1833 1064 1865; x_wconf 69' lang='lat' dir='ltr'>erqo</span> <span class='ocrx_word' id='word_1_246' title='bbox 1090 1834 1149 1856; x_wconf 78' lang='lat' dir='ltr'>ora</span> <span class='ocrx_word' id='word_1_247' title='bbox 1158 1833 1221 1864; x_wconf 74' lang='lat' dir='ltr'>pro</span> <span class='ocrx_word' id='word_1_248' title='bbox 1238 1825 1330 1857; x_wconf 71' lang='lat' dir='ltr'>nobis</span> <span class='ocrx_word' id='word_1_249' title='bbox 1348 1825 1417 1857; x_wconf 87' lang='lat' dir='ltr'>Do-</span> 
     </span>
    </p>
   </div>
   <div class='ocr_carea' id='block_1_34' title="bbox 872 1871 1420 1952">
    <p class='ocr_par' dir='ltr' id='par_1_45' title="bbox 872 1871 1420 1952">
     <span class='ocr_line' id='line_1_81' title="bbox 872 1871 1420 1911; baseline 0.002 -9"><span class='ocrx_word' id='word_1_250' title='bbox 872 1872 1017 1909; x_wconf 70' lang='lat' dir='ltr'>minum,</span> <span class='ocrx_word' id='word_1_251' title='bbox 1051 1871 1206 1911; x_wconf 71' lang='lat' dir='ltr'>qnoniam</span> <span class='ocrx_word' id='word_1_252' title='bbox 1237 1874 1274 1903; x_wconf 73' lang='lat' dir='ltr'>tu</span> <span class='ocrx_word' id='word_1_253' title='bbox 1301 1872 1420 1904; x_wconf 78' lang='lat' dir='ltr'>mulier</span> 
     </span>
     <span class='ocr_line' id='line_1_82' title="bbox 874 1918 1376 1952; baseline 0.002 -2"><span class='ocrx_word' id='word_1_254' title='bbox 874 1920 986 1950; x_wconf 75' lang='lat' dir='ltr'>saneta</span> <span class='ocrx_word' id='word_1_255' title='bbox 1012 1927 1041 1949; x_wconf 84' lang='lat' dir='ltr'>es</span> <span class='ocrx_word' id='word_1_256' title='bbox 1068 1920 1096 1950; x_wconf 70' lang='lat' dir='ltr'>et</span> <span class='ocrx_word' id='word_1_257' title='bbox 1119 1918 1232 1950; x_wconf 73' lang='lat' dir='ltr'>timens</span> <span class='ocrx_word' id='word_1_258' title='bbox 1258 1919 1376 1952; x_wconf 71' lang='lat' dir='ltr'>Deum.</span> 
     </span>
    </p>
   </div>
   <div class='ocr_carea' id='block_1_35' title="bbox 935 2029 1292 2132">
    <p class='ocr_par' dir='ltr' id='par_1_46' title="bbox 935 2029 1292 2132">
     <span class='ocr_line' id='line_1_83' title="bbox 935 2029 1292 2064; baseline 0.006 -2"><span class='ocrx_word' id='word_1_259' title='bbox 935 2031 980 2062; x_wconf 88' lang='lat' dir='ltr'>ln</span> <span class='ocrx_word' id='word_1_260' title='bbox 1006 2032 1035 2064; x_wconf 85' lang='lat'>3.</span> <span class='ocrx_word' id='word_1_261' title='bbox 1060 2029 1118 2062; x_wconf 87' lang='lat' dir='ltr'>No</span> <span class='ocrx_word' id='word_1_262' title='bbox 1134 2032 1292 2064; x_wconf 90' lang='lat' dir='ltr'>cturno.</span> 
     </span>
     <span class='ocr_line' id='line_1_84' title="bbox 1009 2103 1205 2132; baseline 0.01 -2"><span class='ocrx_word' id='word_1_263' title='bbox 1009 2103 1054 2130; x_wconf 87' lang='lat' dir='ltr'>Ad</span> <span class='ocrx_word' id='word_1_264' title='bbox 1075 2103 1205 2132; x_wconf 81' lang='lat' dir='ltr'>Cantica.</span> 
     </span>
    </p>
   </div>
   <div class='ocr_carea' id='block_1_36' title="bbox 835 2160 1339 2201">
    <p class='ocr_par' dir='ltr' id='par_1_47' title="bbox 835 2160 1339 2201">
     <span class='ocr_line' id='line_1_85' title="bbox 835 2160 1339 2201; baseline -0.002 -6"><span class='ocrx_word' id='word_1_265' title='bbox 835 2188 842 2195; x_wconf 94' lang='lat'>.</span> <span class='ocrx_word' id='word_1_266' title='bbox 871 2162 991 2194; x_wconf 88' lang='lat' dir='ltr'>Mundo</span> <span class='ocrx_word' id='word_1_267' title='bbox 1016 2160 1115 2193; x_wconf 82' lang='lat' dir='ltr'>festus</span> <span class='ocrx_word' id='word_1_268' title='bbox 1139 2162 1238 2193; x_wconf 90' lang='lat' dir='ltr'>instat</span> <span class='ocrx_word' id='word_1_269' title='bbox 1263 2163 1339 2201; x_wconf 91' lang='lat' dir='ltr'>dies,</span> 
     </span>
    </p>
   </div>
   <div class='ocr_carea' id='block_1_37' title="bbox 873 2208 1341 2388">
    <p class='ocr_par' dir='ltr' id='par_1_48' title="bbox 873 2208 1341 2294">
     <span class='ocr_line' id='line_1_86' title="bbox 874 2208 1341 2249; baseline 0.002 -10"><span class='ocrx_word' id='word_1_270' title='bbox 874 2208 939 2246; x_wconf 75' lang='lat' dir='ltr'>Quo</span> <span class='ocrx_word' id='word_1_271' title='bbox 963 2208 1108 2248; x_wconf 88' lang='lat' dir='ltr'>Hedwigi</span> <span class='ocrx_word' id='word_1_272' title='bbox 1135 2208 1229 2240; x_wconf 89' lang='lat' dir='ltr'>datur</span> <span class='ocrx_word' id='word_1_273' title='bbox 1252 2210 1341 2249; x_wconf 87' lang='lat' dir='ltr'>quies</span> 
     </span>
     <span class='ocr_line' id='line_1_87' title="bbox 873 2254 1041 2294; baseline 0.012 -9"><span class='ocrx_word' id='word_1_274' title='bbox 873 2254 918 2286; x_wconf 89' lang='lat' dir='ltr'>Et</span> <span class='ocrx_word' id='word_1_275' title='bbox 941 2255 1041 2294; x_wconf 83' lang='lat' dir='ltr'>gloria</span> 
     </span>
    </p>

    <p class='ocr_par' dir='ltr' id='par_1_49' title="bbox 874 2302 1200 2342">
     <span class='ocr_line' id='line_1_88' title="bbox 874 2302 1200 2342; baseline 0.003 -10"><span class='ocrx_word' id='word_1_276' title='bbox 874 2302 912 2333; x_wconf 88' lang='lat' dir='ltr'>In</span> <span class='ocrx_word' id='word_1_277' title='bbox 938 2302 1064 2333; x_wconf 80' lang='lat' dir='ltr'>caelesti</span> <span class='ocrx_word' id='word_1_278' title='bbox 1083 2302 1200 2342; x_wconf 90' lang='lat' dir='ltr'>patria,</span> 
     </span>
    </p>

    <p class='ocr_par' dir='ltr' id='par_1_50' title="bbox 874 2348 1270 2388">
     <span class='ocr_line' id='line_1_89' title="bbox 874 2348 1270 2388; baseline -0.003 -7"><span class='ocrx_word' id='word_1_279' title='bbox 874 2348 968 2381; x_wconf 88' lang='lat' dir='ltr'>Cuius</span> <span class='ocrx_word' id='word_1_280' title='bbox 994 2349 1095 2388; x_wconf 87' lang='lat' dir='ltr'>dignis</span> <span class='ocrx_word' id='word_1_281' title='bbox 1119 2348 1270 2388; x_wconf 90' lang='lat' dir='ltr'>precibus</span> 
     </span>
    </p>
   </div>
  </div>
 </body>
</html>
