1650 2542
672 122 923 157 —105—

232 215 440 248 Hierarchiae
464 216 583 249 civibus

277 262 321 294 Et
344 271 452 294 sacrae
475 272 582 295 norma
607 264 694 304 legis.

901 218 925 250 O
950 225 1039 248 sacer
1063 216 1235 258 Ieronyme,

900 264 965 295 Nos
989 264 1081 302 iunge
1104 262 1171 301 regi
1195 261 1322 302 gloriae.

239 318 320 344 Brev.
340 317 487 345 Misnense
513 319 581 353 imp.
608 327 630 345 s.
656 319 675 345 1.
703 316 783 346 1483.
809 319 843 345 Α.
869 333 906 337 -
928 318 1033 345 Viatic.
1052 317 1208 344 Misnensis
1233 317 1301 351 imp.
1320 316 1440 350 Lipsiae

165 352 244 382 1502.
264 355 297 381 B.
327 369 359 373 —
385 355 426 382 111
453 353 478 381 1.
497 356 602 391 Vesp.
623 354 645 381 Α
665 353 697 389 4,
719 353 736 383 8
755 355 852 383 nullus
870 356 904 382 A.
926 370 963 374 —
983 355 1027 382 Ad
1045 355 1134 389 Magn

161 392 221 418 AB.
248 406 286 410 —
310 392 384 419 Ibid.
411 390 454 419 14.
473 392 577 419 Mediis
602 393 636 419 A.
660 408 698 412 —
718 393 759 420 In
780 391 804 419 1.
824 393 922 420 Noct.
943 391 964 418 Α
986 390 1010 426 3,
1032 391 1048 419 5
1068 400 1132 418 cum
1151 391 1185 417 A.
1204 406 1242 410 —

1136 374 1143 381 .
1166 352 1196 386 Α,
1218 352 1234 381 9
1274 360 1347 380 auca
1367 353 1439 378 rixa.

1305 388 1329 423 1,
1349 387 1367 416 8
1389 398 1438 424 po-

162 429 285 456 nendum
305 429 340 456 A.
360 443 397 447 —
418 427 438 455 R
456 427 482 463 3,
497 428 515 456 2
534 431 590 457 iste
609 430 643 457 A.
664 444 700 448 —
719 430 762 457 In
789 428 815 456 2.
835 431 934 458 Noct.
955 427 977 455 Α
999 428 1023 462 1,
1038 427 1055 455 2
1074 429 1157 456 Miris
1170 427 1346 464 significavit
1357 428 1390 454 B.
1403 441 1440 445 —

163 464 184 491 R
211 464 240 499 1,
262 464 295 493 11
321 466 473 494 Desiderio
499 467 557 494 AB.
583 481 620 486 —
638 464 666 500 ,Β
688 465 718 500 1,
741 465 775 494 12
800 468 848 494 Me
870 467 942 494 fehlt
959 466 994 493 A.
1020 480 1056 484 —
1081 466 1121 493 In
1146 463 1172 492 3.
1193 466 1290 493 Noct.
1312 462 1332 490 Β
1357 462 1383 498 2,
1406 462 1441 491 14

161 503 266 530 cecidit
291 504 325 530 A.
355 518 389 522 —-
423 504 464 531 111
487 504 592 531 Laud.
622 502 645 530 Α
671 502 702 538 3,
723 502 740 531 6
765 503 905 531 Succurre
928 504 1052 538 gloriose
1075 503 1226 537 Ieronyme
1249 502 1307 529 AB.
1333 515 1370 520 —-
1396 501 1440 528 Ad

161 541 230 567 Ben.
247 539 278 575 Α,
294 539 311 567 9
330 543 359 569 et
371 541 443 568 fehlt
456 541 489 567 A.
501 556 536 560 —
546 542 694 576 Hymnus:
708 541 785 568 Ecce
796 543 846 576 qui
858 541 964 568 Christi
974 541 1122 568 decoravit
1131 541 1227 567 aulam
1236 538 1320 573 (Dan.
1331 539 1354 573 I,
1366 536 1439 573 268).

578 613 624 644 36.
652 613 694 643 Dc
713 613 819 644 sancto
839 612 1029 651 Hieronymo.

296 672 342 704 In
366 673 395 705 1.
422 673 636 712 vesperis,

344 736 436 772 Super
454 737 592 764 Psalmos.

161 785 201 816 A.
230 783 336 815 Fulsit
358 785 506 823 splendor
529 783 725 825 firmamenti,

232 830 361 868 Quando
385 839 492 870 regum
516 839 572 862 rex
597 832 737 862 credenti

277 876 397 908 Mundo
422 885 528 908 curam
551 877 709 908 hominum

232 922 351 954 Gerens
374 923 459 953 misit
481 925 700 963 protectorem,

231 970 346 1001 Sacrae
369 968 444 1000 fidei
470 969 628 1000 doctorem

277 1015 407 1047 Beatum
431 1016 639 1055 Ieronymum.

346 1088 391 1115 Ad
409 1087 585 1123 Magnificat.

159 1146 200 1178 A.
230 1145 282 1176 Ad
308 1145 408 1175 sancti
432 1144 531 1183 patris

273 1191 444 1233 sollemnia,
470 1190 559 1230 plebs
584 1199 734 1230 generosa

224 1237 428 1276 Adpropians
450 1237 552 1268 laudis

275 1284 328 1315 det
352 1283 473 1315 cantica
496 1292 578 1314 nunc
601 1284 752 1323 speciosa,

227 1330 353 1361 Semina
378 1330 430 1369 qui
454 1330 568 1361 mundo

272 1385 346 1408 suae
372 1376 532 1408 doctrinae
556 1374 725 1408 furibundo

226 1423 349 1462 Sparsit
370 1420 512 1462 largiflue

273 1469 387 1501 docens
412 1469 452 1500 ad
477 1477 596 1499 summa
614 1469 739 1510 venire;

223 1516 356 1548 Pectora
380 1523 551 1556 curvemus,

271 1562 320 1594 cui
343 1562 452 1594 laudes
476 1560 716 1600 magnificemus.

288 1655 346 1687 Ad
370 1654 634 1686 Matutinum.

354 1719 566 1746 Invitatorium.

219 1767 307 1798 Mole
330 1775 440 1806 pressa
463 1767 526 1798 iam
552 1765 691 1805 corporis

219 1813 257 1844 111
280 1814 380 1844 sancti
404 1811 484 1844 festo
512 1812 648 1844 doctoris

221 1859 380 1891 Christum
404 1859 499 1890 laude
523 1859 737 1898 deprecemur,

219 1906 266 1939 Ut
289 1906 331 1938 ad
355 1906 458 1946 ipsum
483 1905 690 1938 sublevemur.

280 2000 324 2032 In
350 2000 381 2033 1.
407 1999 633 2031 Nocturno.

377 2064 569 2099 Antiphonae.

156 2114 186 2146 1.
212 2113 312 2145 Annis
336 2115 426 2144 tener
441 2112 499 2145 -vir
523 2112 632 2144 beatus

259 2159 360 2192 Hians
383 2160 514 2191 Romam
539 2158 626 2196 adiit,

214 2207 296 2238 Arte
318 2207 421 2246 prima
447 2206 495 2237 cui
518 2205 665 2237 Donatus

259 2252 365 2285 Primo
391 2253 502 2285 doctor
527 2251 663 2285 exstitit.

156 2312 186 2343 2.
213 2309 315 2341 Tanta
340 2309 440 2341 crevit
465 2308 641 2349 disciplina,

212 2356 257 2389 Ut
279 2365 343 2388 non
367 2356 466 2387 solum
490 2355 542 2387 hic
565 2354 680 2387 Latina

843 776 875 806 3.

899 671 1028 715 Lingua,
1056 671 1177 703 Graeca
1202 672 1375 712 doceretur,

899 718 961 750 Sed
985 718 1128 751 Hebraea
1153 716 1340 757 fungeretur.

901 773 977 805 Cum
1000 774 1138 813 leporem
1162 773 1319 804 lectitaret

898 820 1085 859 Tullianum,
1111 820 1281 851 ruminaret

945 864 1094 906 Sophiam
1119 866 1319 904 Platonicam,

898 912 1014 952 Flagro
1040 921 1146 944 caesus
1171 912 1249 943 caeli
1269 920 1356 943 more

898 959 1104 998 Amplexatur
1126 967 1197 989 mox
1221 958 1328 989 labore

942 1006 1052 1036 Artem
1076 1005 1289 1043 theologicam.

1031 1068 1233 1102 Responsoria.

843 1115 872 1147 1.
898 1115 1001 1146 Salem
1027 1116 1131 1146 hausit
1153 1124 1208 1147 suo
1232 1113 1318 1153 flore,

821 1394 859 1425 V.

835 1497 866 1527 2.

894 1161 931 1193 In
956 1171 1014 1201 quo
1036 1163 1150 1193 mansit
1175 1170 1243 1193 cum
1270 1162 1381 1193 decore

941 1208 1003 1239 Hic
1028 1209 1075 1241 vir
1098 1209 1377 1247 praeclarissimus,

893 1253 1021 1286 Affatim
1047 1263 1136 1294 quem
1161 1255 1247 1285 velut
1269 1255 1385 1287 undam

892 1300 970 1332 Post
993 1300 1102 1332 effudit
1124 1301 1215 1332 nimis
1239 1302 1386 1333 mundam

939 1347 1097 1386 Eloquens
1123 1347 1315 1387 leronymus,

888 1393 1046 1433 Linquens
1076 1394 1186 1433 dogma
1210 1394 1431 1434 Priscinorum,

891 1439 1027 1479 Sequens
1048 1440 1225 1472 thesaurum
1243 1443 1429 1474 sanctorum.

891 1496 954 1526 Ter
980 1496 1128 1528 denorum
1151 1496 1214 1528 iam
1237 1505 1396 1537 annorum,

892 1541 966 1573 Cum
990 1541 1110 1582 fuisset,
1135 1543 1345 1574 Romanorum

889 1587 950 1619 Est
974 1592 1095 1620 creatus
1119 1589 1297 1629 cardinalis,

892 1635 958 1666 Nec
981 1635 1125 1667 inventus
1150 1634 1210 1666 fuit
1232 1636 1323 1676 talis;

887 1681 1059 1713 Sanctitate
1083 1682 1303 1724 praecellebat,

890 1728 1051 1768 Sapientia
1074 1729 1223 1768 pollebat.

854 1808 861 1815 .
887 1783 1011 1816 Summo
1036 1785 1181 1823 praesule
1207 1783 1352 1816 defuncto

886 1831 917 1862 A
942 1831 1025 1862 clero
1049 1831 1189 1862 Romano
1215 1834 1325 1863 cuncto

929 1877 1049 1916 Dignus
1075 1880 1123 1909 est
1146 1876 1271 1918 fastigio

887 1924 1107 1966 Adclamatus,
1132 1925 1188 1955 sed
1210 1925 1262 1956 hic
1279 1933 1429 1964 spernens

887 1969 1092 2001 Solitudinem
1116 1971 1186 2010 plus
1208 1980 1358 2010 quaerens

933 2017 1055 2049 Relicto
1080 2016 1216 2058 fastigio,

884 2063 921 2094 In
946 2072 1036 2103 quam
1060 2064 1175 2096 transit
1198 2065 1247 2098 vir
1273 2065 1402 2097 devotus

889 2107 945 2141 Fit
967 2110 1155 2143 anachoreta
1178 2114 1272 2146 totus,

944 2195 989 2226 In
1014 2196 1045 2227 2.
1071 2195 1129 2227 No
1141 2197 1298 2228 cturno.

1027 2259 1219 2296 Antiphonae.

853 2331 860 2338 .
882 2307 1044 2346 Arguebat
1066 2308 1180 2348 iugiter

933 2353 1040 2386 Oleros
1064 2355 1271 2398 lascivientes,
