1650 2542
716 142 967 176 —188—

227 234 259 265 3.
281 233 428 265 Machina
450 237 579 274 rotatur,

328 282 397 311 rota
420 278 523 311 ferrea
545 279 627 311 flexa
648 283 785 324 paratur,

282 325 318 356 In
342 335 433 365 quam
458 326 657 366 contrahitur,

328 372 383 403 sed
407 372 528 410 penitus
552 373 748 414 annihilatur,

214 417 252 448 V.
280 418 417 456 Angelus
441 418 521 449 hane
545 417 638 456 fregit

325 465 356 493 et
380 471 444 493 eam
471 463 509 494 de
532 466 631 494 morte
654 464 795 495 redemit.

339 581 382 612 In
408 582 437 613 3.
464 581 519 612 No
530 584 685 615 cturno.

413 654 604 689 Antiphonae.

221 709 251 740 1.
279 708 352 740 (111111
375 709 518 748 virginali
542 712 645 742 turma

276 755 419 794 Sequitur
443 756 476 786 in
500 756 581 787 stola
606 758 740 789 candida

273 801 393 832 Iuliana
416 802 609 833 sanctissima

273 847 394 885 Agnum
423 847 490 878 sine
513 849 643 883 macula,

217 913 248 942 2.
273 910 310 940 111
335 911 459 941 caelesti
481 912 557 943 solio

275 955 377 986 Servit
400 956 461 987 Dei
483 956 548 989 filio

274 1002 347 1033 Cum
376 1002 525 1034 castitatis
550 1004 627 1037 lilio.

214 1066 244 1097 3.
270 1065 353 1096 Vicit
382 1074 451 1096 cum
471 1067 627 1107 triumpho

272 1110 430 1142 Saeculum
455 1112 547 1144 inane

270 1156 314 1187 Et
338 1165 403 1187 cum
428 1160 570 1197 martyrii
595 1160 698 1199 gladio

268 1202 383 1233 Finivit
408 1204 488 1235 vitae
513 1208 676 1237 certamen.

400 1294 601 1329 Responsoria.

213 1350 245 1380 1.
269 1349 345 1380 Post
365 1349 441 1380 haec
466 1358 503 1380 ex
525 1351 616 1391 lignis

313 1404 440 1435 magnus
465 1398 661 1429 succenditur
683 1399 773 1439 ignis,

270 1440 306 1471 In
331 1449 419 1479 quem
443 1442 586 1482 iactatur,

313 1487 367 1517 sed
390 1487 477 1526 virgo
500 1497 571 1519 mox
595 1489 755 1529 liberatur,

198 1531 235 1564 V.
265 1531 355 1562 Stans
380 1536 481 1563 autem
505 1534 603 1565 libere

311 1578 411 1609 Deum
435 1579 595 1611 benedixit
618 1581 647 1612 in
673 1582 753 1621 igne.

209 1641 241 1672 2.
268 1641 406 1673 Conflato
430 1652 503 1675 vere

312 1696 422 1728 corpus
444 1689 643 1727 perfunditur
667 1700 748 1731 aere,

265 1733 334 1764 Hoc
356 1734 441 1764 Deus
466 1744 593 1767 examen

311 1779 370 1810 sibi
395 1781 525 1811 contulit
548 1790 616 1813 esse
640 1784 775 1816 solamen

195 1823 231 1856 V.
260 1824 305 1856 Ut
329 1828 470 1857 constans
492 1826 582 1858 fieret

311 1874 339 1901 et
367 1870 485 1903 firmior
508 1874 581 1905 inde
605 1879 753 1909 maneret.

778 1810 786 1828 7

206 1935 235 1966 3.
264 1934 339 1965 Post
362 1935 439 1967 haec
462 1940 615 1971 tormenta

309 1981 430 2013 ducitur
453 1983 573 2016 Iuliana
594 1986 686 2018 beata

262 2026 313 2057 Ad
339 2027 562 2072 decollandum,

308 2081 385 2110 quae
402 2078 473 2112 post
496 2084 530 2106 se
553 2076 774 2111 vociferantem

260 2118 392 2148 Audivit
417 2120 595 2153 daemonem

306 2166 439 2196 tortores
460 2166 565 2206 sicque
588 2174 763 2209 rogantem:

873 237 910 267 V.
940 236 1010 267 Non
1036 237 1063 267 ei
1087 240 1245 278 parcatur,

988 283 1043 314 sed
1070 284 1097 314 ei
1122 287 1216 323 eaput
1241 292 1314 315 ense
1338 282 1468 315 feratur.

1028 374 1071 405 In
1096 375 1320 408 Laudibus

1079 448 1271 482 Antiphonae.

881 502 911 535 1.
936 502 1034 534 Beata
1056 504 1178 536 Iuliana

983 549 1149 581 sublimata
1171 551 1205 582 in
1230 552 1334 591 caelis,

937 594 1021 633 Quae
1046 597 1200 635 supplicia
1223 598 1358 636 plurima

979 650 1129 681 perpessa
1153 646 1199 674 est
1223 642 1337 678 fidelis,

879 697 909 727 2.
935 696 1003 727 Deo
1027 705 1095 727 cum
1119 698 1240 729 laetitia

982 743 1119 774 serviens
1143 745 1249 782 puella

935 787 998 820 Sub
1019 790 1118 828 patris
1142 791 1284 822 manibus

979 836 1111 866 sustinet
1132 834 1265 876 flagella.

877 890 910 920 3.
935 890 1065 921 Praeses
1090 894 1190 922 rotam
1216 891 1349 923 ferream

978 936 1069 967 iussit
1097 939 1291 977 praeparari,

932 982 970 1012 In
996 991 1055 1021 qua
1078 984 1217 1015 membra
1241 984 1409 1016 tenerrima

978 1030 1139 1068 praecepit
1161 1030 1283 1062 laniari.

875 1083 905 1113 4.
931 1082 1021 1113 Misit
1043 1084 1192 1115 Dominus
1221 1086 1364 1124 angelum

977 1138 1065 1160 suum
1091 1131 1130 1161 de
1155 1132 1258 1170 caeliS,

932 1175 989 1213 Qui
1010 1175 1112 1214 ignem
1138 1178 1314 1207 comminuit

977 1224 1006 1251 et
1029 1222 1169 1253 illaesam
1195 1224 1373 1255 custodivit.

875 1276 905 1307 5.
931 1276 968 1307 In
992 1277 1087 1307 tantis
1111 1278 1274 1316 suppliciis

977 1322 1098 1354 Iuliana
1116 1322 1219 1354 fidelis

929 1367 1096 1399 Benedixit
1124 1369 1289 1401 Dominum

975 1414 1088 1453 iugiter
1113 1415 1153 1446 de
1177 1416 1280 1449 caelis,

1039 1487 1083 1514 Ad
1103 1489 1283 1516 Benedictus.

859 1541 898 1574 A.
928 1541 1020 1579 Quasi
1044 1544 1136 1575 stella
1158 1547 1321 1586 matutina,

927 1589 1024 1625 Quam
1047 1589 1185 1622 illustrat
1208 1593 1262 1623 lux
1288 1593 1393 1625 divina

927 1635 964 1665 In
990 1638 1141 1667 conventu
1166 1646 1234 1668 cum
1260 1643 1409 1671 concentu

928 1680 1049 1712 Iuliana
1075 1683 1252 1714 caelestium

929 1725 1052 1758 Gaudet
1077 1728 1284 1763 luminarium.

990 1819 1035 1850 111
1062 1821 1092 1852 2.
1119 1821 1331 1861 Vesperis.

1041 1893 1087 1920 Ad
1105 1894 1280 1930 Magnffioat.

856 1947 895 1978 A.
929 1947 1090 1988 Vergentis
1114 1951 1155 1982 ad
1180 1961 1342 1991 vesperam

924 1994 1036 2026 Mundi
1060 1996 1154 2027 vitam
1179 2007 1360 2037 prosperam

923 2039 1045 2072 Iuliana
1070 2042 1243 2081 despiciens

923 2085 993 2117 Non
1022 2090 1105 2119 retro
1128 2090 1296 2128 respiciens

921 2132 974 2163 Ad
1000 2141 1036 2163 ea
1060 2142 1094 2164 se
1118 2136 1268 2176 extendit,

921 2178 1005 2216 Quae
1028 2179 1087 2210 iam
1116 2183 1360 2220 comprehendit.

266 2236 350 2262 Brev.
370 2245 421 2263 ms·
442 2238 612 2268 Seeoviense
631 2251 705 2270 saec.
727 2242 770 2273 15.
804 2247 871 2274 Cod.
893 2248 1029 2277 (111-366611.
1051 2250 1131 2281 1556.
1145 2254 1179 2280 Α.
1201 2269 1238 2273 —
1256 2256 1340 2284 Brev.
1356 2258 1462 2287 Ebers-

190 2272 329 2307 bergense
356 2281 421 2300 saec
456 2273 490 2302 15
542 2277 603 2304 Clm
635 2280 776 2309 Monaeen
811 2282 893 2313 5968.
919 2287 943 2313 Β
981 2302 1018 2307 —
1047 2290 1120 2316 Brev
1159 2300 1201 2319 ms
1238 2293 1462 2324 Sehaftlariense

190 2317 262 2336 saec.
285 2308 320 2336 14
368 2309 428 2338 Glm
456 2313 596 2341 Mon-zoen
628 2315 660 2343 17
670 2315 725 2345 030
754 2320 817 2347 add.
837 2330 911 2350 saec.
934 2322 967 2350 15
998 2324 1020 2351 C
1055 2341 1087 2345 -—
1115 2328 1192 2355 Biev
1219 2339 1262 2357 ms
1291 2332 1462 2361 anmeuse
