1650 2542
703 101 930 135 --29-

211 220 218 228 .
247 194 345 225 Nobis
371 193 504 233 perfecit
916 196 1069 227 Sustinuit
1093 196 1202 234 victus,

293 240 378 271 Deus
391 241 482 282 hunc,
503 241 554 280 qui
567 241 688 281 singula
702 241 787 282 fecit,
960 243 1002 273 sit
1019 242 1057 273 ob
1072 242 1132 273 hoc
1144 241 1294 273 Dominus
1309 241 1453 273 bencdic-

247 288 309 319 Per
333 296 424 326 quem
447 289 592 330 tutemur7
1236 290 1294 319 tus

290 334 363 365 ideo
387 333 522 365 iubilare
543 334 693 366 iubemur.

976 382 1020 413 In
1046 383 1076 414 2.
1103 381 1316 419 Vesperis.

214 444 219 450 .
247 417 372 460 Decius,
399 418 432 448 in
458 426 570 449 vanum

295 464 447 495 conidens
470 464 674 504 Felicianum,
846 455 883 486 R·
915 455 1034 496 Minda,
1060 455 1127 486 Deo
1152 455 1267 493 plaude

250 511 337 541 Aevo
364 511 538 548 damnatur,
961 501 1057 532 melos
1083 504 1114 532 et
1138 509 1281 539 promere
1305 501 1415 541 gaude,

295 557 352 588 sed
376 557 491 596 iugiter
514 557 574 589 iste
598 557 718 590 beatur.
915 547 961 579 Τθ
985 557 1057 587 qma
1083 548 1194 579 difflVlt
1411 594 1417 599 ¹

962 602 1080 624 summe
1102 594 1187 625 Deus
1213 597 1305 633 atque
1329 594 1434 625 beant

214 663 222 672 .
248 640 382 679 Hymnis
408 649 476 671 cum
503 640 582 672 divis
915 639 1008 670 Hunc
1032 648 1089 678 per
1112 642 1289 681 patronum,

292 686 459 718 Dominum
484 687 670 718 benedicere
688 687 790 726 quivis
963 686 1020 717 tibi
1040 686 1116 717 dans
1133 686 1312 718 venerabile
1331 686 1454 724 donum,

246 733 408 765 Praesenti
433 732 513 764 festo
847 732 884 763 V.
917 732 1031 770 Quovis
1055 732 1093 763 ab
1120 733 1264 764 obstante

292 788 354 810 non
380 779 527 811 adtardet
551 778 620 811 fore
644 782 780 818 praesto.
964 779 1049 810 cuius
1074 779 1184 809 merito
1209 779 1381 810 meditante

918 825 1000 856 Vere
1025 825 1167 864 salvaris,

216 887 222 894 ·
252 863 361 895 Glffl'ia
387 863 501 894 collata
963 871 989 901 si
1018 872 1155 902 sanctius
1179 872 1261 902 hunc
1285 871 1454 902 veneraris.

293 909 419 945 sanctis,
445 909 579 940 Domino
602 909 675 948 quia
691 912 788 949 grata,
1188 945 1194 950 .

246 955 331 994 Ergo
356 957 514 985 cantemus
1034 943 1079 969 Ad
1097 943 1272 979 Magmficat.

290 1001 362 1032 huic
380 1003 410 1031 et
423 1010 503 1032 nova
517 1001 656 1032 carmina
671 1001 788 1033 demus.
846 999 885 1028 A.
915 997 1050 1036 Spiritus
1076 1000 1208 1030 exsultet

964 1045 1063 1075 omnis
1089 1049 1259 1085 cantusque
1283 1046 1422 1076 resultet.

361 1111 405 1138 Ad
424 1111 605 1138 Benedictus.
913 1090 1119 1130 Magnificans
1146 1092 1315 1133 Christum,

959 1137 1086 1169 tumidis
1108 1138 1160 1177 qui
1177 1139 1328 1177 praetulit
1342 1139 1445 1180 istum,

205 1202 212 1209 .
242 1177 356 1209 Mundi
384 1178 524 1216 degentis
913 1185 1027 1214 Arcem
1053 1185 1208 1215 caelorum

294 1224 440 1255 tenebras
465 1224 519 1263 pia
543 1225 596 1255 lux
622 1225 751 1256 orientis
959 1230 1019 1261 sibi
1046 1231 1123 1261 dans
1149 1239 1242 1262 causa
1264 1231 1455 1272 meritorum,

240 1271 329 1301 Tunc
351 1271 530 1313 illustravit,
912 1276 1017 1315 Atque
1041 1279 1250 1308 tumescentes

290 1317 342 1347 hic
365 1317 449 1356 genti
477 1318 549 1348 <lum
575 1319 727 1349 reseravit
960 1323 1092 1361 proiecit
1118 1324 1158 1354 ad
1183 1324 1246 1355 ima
1269 1326 1430 1363 potentes3

241 1363 356 1403 Legem
382 1363 528 1402 divinam,
911 1367 973 1399 Sed
999 1369 1143 1408 petimus,
1171 1370 1305 1409 Christe,

287 1418 417 1449 serpens
442 1413 530 1441 vetus
555 1411 638 1442 unde
663 1412 782 1443 ruinam
959 1416 1018 1446 duc
1034 1424 1100 1455 nos,
1125 1416 1180 1447 ubi
1198 1419 1370 1447 commanet
1385 1417 1456 1450 iste.

245 1473 363 1509 Antiph.
384 1482 436 1501 ms.
457 1475 634 1502 Hamelense
654 1484 728 1503 saec.
751 1475 794 1503 15.
835 1478 903 1505 God.
925 1479 1111 1507 Hanoveran.
1130 1480 1145 1507 1
1168 1478 1220 1507 101
1243 1489 1267 1507 a.

602 1566 627 1596 8.
662 1566 701 1597 De
721 1568 831 1598 sancta
851 1568 1023 1600 Felicitate.

844 1638 879 1670 R.
910 1639 1070 1671 Antonino

301 1654 346 1686 111
373 1654 402 1686 1.
431 1653 457 1684 V
470 1662 538 1693 eSP
550 1661 566 1684 θ
575 1663 610 1685 ΓΙ
620 1664 643 1686 S·
956 1688 1084 1725 regente
1108 1695 1173 1717 rem
1199 1687 1354 1726 publicam

351 1745 443 1781 Super
462 1745 602 1773 Psalmos.
913 1732 1068 1810 Ingffitlm
1077 1780 1141 1811 assi
1166 1780 1318 1812 hosticam

204 1838 210 1845 .
239 1812 333 1843 Felix
357 1812 449 1864 adest
538 1859 544 1865 .
908 1825 962 1864 Hi,
989 1790 1235 1864 quipservabant

284 1861 393 1911 matris
417 1867 576 1898 memoria,
958 1872 1053 1903 vitam
1080 1874 1238 1913 caelicam,

237 1905 416 1958 Omns-hoc·
439 1904 500 1958 efg
841 1918 878 1949 V.
908 1918 998 1949 Inter
1023 1928 1098 1958 quos
1123 1923 1192 1951 erat

286 1951 364 1983 fecit
388 1955 532 1992 victoria,
955 1965 1075 1997 Romae
1099 1965 1214 1998 femina

237 1999 324 2039 Quod
352 2008 418 2030 cum
445 2000 510 2030 suis
908 2011 1032 2050 Septem
1059 2022 1150 2045 sacra

285 2046 424 2099 septenis
450 2045 525 2099 filiis
955 2058 1117 2097 proferens
1143 2062 1272 2093 semina.

235 2093 364 2145 Mundi·
377 2095 518 2147 spretis..
1182 2135 1187 2141 ,

283 2139 425 2171 omnibus
451 2142 536 2171 Vltus
1023 2133 1068 2159 Ad
1088 2134 1265 2169 Magmficat.

236 2187 322 2219 Caeli
347 2188 457 2217 sancta
837 2188 877 2219 A.
909 2187 1058 2221 Felicitas

283 2233 466 2265 conscendit
487 2233 586 2272 atria3
953 2244 1139 2275 permanens
1166 2238 1270 2276 vidua,

235 2279 386 2311 Felicitas
909 2281 1061 2314 Castitate

278 2326 368 2358 nobis
393 2327 436 2358 sis
460 2326 609 2366 propitia.
953 2327 1043 2361 fulsit
1066 2331 1244 2371 perspicua,
