1650 2542
774 140 1021 175 -178—

334 238 434 263 Dium.
457 244 507 263 ms.
529 235 671 269 Brigittin.
696 241 768 260 saec.
792 231 833 259 15.
874 232 942 259 Curi.
969 231 1116 258 Colonien.
1145 228 1181 257 92
1201 226 1420 271 [Handscliriftl.
1439 224 1534 268 Nech-

258 276 337 308 triige
362 282 426 300 zum
450 274 551 301 Dium.
573 271 718 298 colonien.
741 271 808 305 imp.
835 278 857 295 s.
885 270 904 296 1.
931 271 960 296 et
989 265 1026 302 a.]
1053 268 1086 294 A.
1113 281 1148 285 —
1176 267 1257 294 Brev.
1284 265 1442 292 Othmense
1464 270 1533 296 imp.

259 311 390 339 Lubeeae
417 308 495 337 1479.
522 309 554 335 B.
588 322 620 326 -
653 309 734 335 Brev.
761 308 932 342 Stregnense
958 306 1026 339 imp.
1054 304 1187 332 Holmiae
1214 302 1293 330 1495.
1322 302 1350 329 C.
1386 315 1419 319 --
1450 300 1532 326 Brev.

259 348 410 375 Lundense
429 349 496 381 imp.
518 346 637 372 Parisiis
659 342 737 371 1517.
758 344 793 370 D.
814 358 848 362 -
867 344 910 370 In
931 341 955 369 1.
975 342 1083 376 Vesp.
1106 340 1127 366 Α
1149 339 1174 371 2,
1191 339 1204 367 1
1225 341 1286 367 Iam
1307 346 1429 374 sponsus
1444 337 1477 363 A.
1496 350 1534 354 —

259 385 277 410 Α
298 384 323 416 5,
343 382 360 411 3
383 383 503 418 tipificat
523 382 551 409 Ο.
576 395 613 400 ——
638 381 676 407 In
696 379 721 406 2.
741 381 839 407 Noet.
860 380 879 405 Α
902 378 925 412 1,
945 378 965 405 4
983 377 1017 406 In
1036 379 1128 405 Deum
1149 378 1286 405 dilatatur
1306 376 1328 403 C
1429 373 1448 399 Α
1469 372 1494 417 2.,
1518 371 1532 400 1

259 422 344 449 Fabri
365 423 425 447 arte
445 421 475 447 13.
495 432 531 437 —
551 418 569 443 Α
590 416 615 449 2,
629 416 649 444 4
668 418 803 444 Mannum
824 425 888 443 cum
907 417 1005 444 labore
1027 417 1056 441 13.
1076 430 1113 434 —-
1134 416 1151 440 Α
1172 413 1198 446 3,
1212 413 1231 441 4
1250 415 1403 448 Assumpto
1426 411 1533 454 Chusa

257 458 371 484 homine
393 458 422 482 Β.
497 456 537 482 111
556 453 582 482 3.
602 455 698 481 Noct.
723 452 743 479 R
757 452 782 486 2,
806 452 819 480 1
841 453 864 481 O
885 450 956 480 felix
976 452 1159 480 oboedientia
1174 453 1204 479 B.
1219 466 1255 470 -—-
1269 451 1415 485 Hymnen:
1438 448 1533 492 Scrip-

258 497 332 520 tores
356 493 510 527 evangelici
529 491 621 520 (Anal.
643 491 749 523 XXIII,
772 489 849 525 209);
871 490 907 517 ad
926 491 1023 517 Noet.:
1049 490 1152 524 Ioseph
1172 490 1227 516 fert
1246 491 1367 514 mentem
1389 485 1534 521 stupidam

257 531 348 562 (Anal.
368 530 475 560 XXIII,
497 526 576 559 2091:
597 528 626 553 in
646 527 752 553 Laud.:
772 528 867 554 Maria
886 535 936 554 cur
955 528 1088 562 coniugio
1107 526 1201 561 (Anal.
1221 525 1329 558 XXIII,
1350 522 1424 556 210).

705 644 749 675 62.
778 644 821 675 De
839 645 944 675 sancto
964 644 1080 683 Ioseph.

387 715 432 746 In
464 715 489 746 1.
517 713 725 751 VesperiS.

450 786 493 813 Ad
512 785 687 821 Magnificat-

258 843 296 873 A.
326 842 415 873 Felix
439 842 664 873 matrimonium

324 888 412 926 Fide,
438 890 639 926 sacramento,

327 934 433 972 Neque
456 935 545 972 prole
567 942 706 969 vacuum,

326 979 387 1010 Sed
411 978 487 1010 flore
510 982 640 1018 retento,

326 1026 401 1056 Vice
409 1043 421 1048 -
431 1028 530 1064 pater,
555 1026 640 1064 virgo
651 1043 663 1048 -
673 1033 795 1066 parens,

326 1071 387 1102 Hic
411 1074 441 1101 et
463 1072 519 1103 illa
541 1071 612 1102 labe
636 1080 754 1110 carens,

328 1117 402 1149 Cum
426 1117 543 1148 honore
565 1117 710 1156 virginali

329 1163 410 1194 Cura
430 1163 490 1193 sibi
515 1163 666 1201 coniugali

327 1208 435 1239 Mutuo
458 1208 655 1240 subserviunt

329 1254 372 1285 Et
401 1254 519 1284 dulcem
543 1254 699 1285 enutriunt

326 1300 399 1331 Pari
424 1303 494 1330 voto
517 1299 623 1338 filium,

328 1346 460 1383 Quorum
485 1346 655 1377 ministerio

327 1391 441 1422 Latens
464 1392 497 1421 in
520 1392 667 1430 mysterio

326 1436 519 1475 Deceptums
542 1437 698 1468 inimicum

329 1483 440 1513 Verum
466 1481 548 1514 Deus
574 1488 605 1514 et
628 1484 785 1522 antiquum

331 1527 468 1560 Perfecit
492 1530 661 1561 consilium.

390 1621 449 1651 Ad
475 1621 731 1652 Matutinum.

451 1693 662 1719 Invitatorium.

328 1748 422 1786 Virgo
448 1747 495 1778 vir
517 1748 654 1779 intactae

375 1793 538 1832 genetricis
561 1794 687 1824 caelitus
712 1797 800 1825 actae

328 1839 435 1877 Regna
458 1841 543 1870 tenet
565 1839 655 1879 vitae,

372 1885 536 1916 iubilantes
560 1894 631 1925 ergo
654 1886 765 1918 venite.

390 1977 434 2007 In
461 1976 490 2008 1.
516 1977 740 2010 Nocturno.

466 2049 656 2084 Antiphonae.

295 2129 302 2137 .
329 2105 440 2143 Ioseph
463 2105 493 2135 in
520 2106 645 2137 consilio

375 2151 544 2189 Impiorum
568 2161 627 2183 non
652 2152 738 2192 abiit,

329 2197 487 2235 Virginem
512 2206 580 2228 cum
603 2196 668 2229 filio

375 2244 448 2281 lpse
471 2243 557 2282 virgo
581 2244 652 2274 dum
676 2246 794 2278 nutriit.

265 2300 296 2329 2.
324 2298 404 2329 Dum
428 2298 575 2329 Herodes
597 2299 763 2331 meditatur

365 2344 530 2377 Adversus
556 2345 711 2377 Christum
725 2346 859 2387 Domini,

986 712 1061 744 Cum
1085 711 1199 750 Ioseph
1225 710 1442 749 peregrinatur

1033 758 1118 790 Deus
1143 757 1256 788 cedens
1280 756 1407 788 homini.

930 832 960 864 3.
987 832 1069 862 Puer
1093 831 1238 871 Aegypto
1263 833 1426 868 susceptus

1033 878 1093 909 Per
1118 877 1232 915 Ioseph
1257 877 1419 907 reducitur

989 924 1027 955 In
1052 924 1210 962 Iudaeam,
1238 931 1304 953 cuni
1332 924 1495 960 correptus

1036 970 1146 1002 Hostis
1171 972 1272 1000 morte
1295 969 1425 1001 tollitur.

1130 1071 1333 1106 Responsoria.

956 1171 962 1176 .
989 1144 1096 1176 Novus
1120 1154 1200 1176 novo
1226 1147 1393 1184 generatur

1036 1192 1169 1223 Fructus
1194 1191 1352 1229 paradiso,

989 1237 1048 1274 Qui
1079 1237 1200 1268 custodi
1226 1237 1393 1276 deputatur

1036 1282 1171 1314 Caelitus
1194 1283 1331 1322 proviso,

990 1328 1054 1366 Quo
1080 1329 1234 1369 serpentis
1260 1329 1396 1360 elidatur

1037 1375 1146 1414 Dolus,
1172 1378 1204 1405 et
1228 1376 1304 1406 eliso

992 1421 1212 1459 Protoplausto
1236 1424 1436 1452 succurratur

1038 1467 1119 1498 Hinc
1145 1470 1232 1498 recte
1256 1468 1371 1507 gaviso.

951 1538 957 1544 .
986 1513 1093 1544 Nimis
1121 1514 1309 1553 profundae
1332 1514 1437 1553 saetae
1460 1518 1535 1546 sum

990 1559 1193 1599 eoyitatioozcs
1216 1562 1301 1599 tuae,
1325 1560 1475 1593 Domine.

933 1641 963 1663 ·.
989 1632 1038 1663 Ex
1062 1633 1207 1672 Aegypto
1234 1634 1305 1664 dum
1330 1635 1454 1666 vocavit

1035 1678 1119 1709 Deus
1143 1682 1234 1717 pater
1256 1678 1364 1718 filium,

989 1724 1165 1762 Adoptivus
1189 1725 1272 1755 hunc
1295 1726 1433 1764 portavit

1038 1770 1131 1801 Pater
1154 1774 1227 1810 post
1252 1772 1396 1803 exsilium

990 1816 1156 1856 Nazareth,
1180 1817 1232 1848 hic
1256 1818 1412 1849 habitavit

1036 1862 1112 1893 Flos
1138 1864 1238 1903 campi
1264 1868 1295 1895 et
1318 1865 1427 1898 lilium.

951 1932 958 1939 .
987 1909 1077 1939 Dum
1111 1909 1287 1942 Archelaus
1319 1914 1467 1951 regywaret
1499 1913 1533 1943 iu

989 1955 1124 2032 Ιὲἇξαεα,
1142 1956 1228 1987 venit
1242 1956 1359 1996 Ioseph
1374 1958 1411 1988 in
1422 1957 1534 1990 Naza-

987 2011 1006 2032 ν
1059 2028 1064 2034 .

962 2099 969 2105 .
994 2074 1086 2113 Ecce,
1116 2073 1239 2105 fabrum
1264 2077 1486 2119 patriarcham,

989 2120 1048 2158 Qui
1073 2121 1222 2152 ecclesiae
1247 2123 1328 2153 rexit
1351 2133 1467 2165 arcam,

992 2165 1031 2196 Se
1057 2174 1125 2197 cum
1149 2168 1290 2200 omnibus
1314 2170 1487 2203 salvantem

993 2211 1110 2250 Culpae
1135 2212 1251 2245 diluvio

993 2257 1122 2290 Gratiae
1146 2267 1215 2290 cum
1236 2259 1340 2302 fluvio,

953 2327 960 2334 .
991 2303 1076 2342 Quia
1098 2304 1200 2337 iustus
1219 2310 1312 2346 atque
1321 2311 1483 2350 perfectus
1500 2313 1536 2343 in

991 2351 1192 2389 qeneratione
1214 2362 1276 2385 sua
1299 2356 1372 2395 fuit.
