1650 2542
232 214 261 245 3.
288 216 419 252 Quartus
443 216 546 244 autem
570 213 609 244 ab
635 213 698 244 alto

334 259 363 290 111
389 260 481 290 imum
509 260 655 298 deiectus,

288 304 380 336 Caelo
405 306 539 336 reddens
562 305 705 344 spiritum

335 351 380 382 510
404 354 451 382 051
474 351 688 389 interemptus.

231 434 263 466 4.
288 434 397 466 Ultimi
420 438 483 465 tres
507 434 610 473 gladio

336 480 437 519 capite
462 482 643 510 truncantur

286 526 329 557 Et
351 526 392 556 ad
418 526 495 556 caeli
518 526 647 564 gloriam

331 572 449 610 pariter
474 573 631 603 vocantur.

233 655 263 685 5.
291 653 417 695 Horum,
445 653 576 692 Christe,
602 654 750 692 sanguine

332 702 507 730 sanctorum
533 700 673 738 placatus

286 745 425 784 Nostros,
450 745 502 783 pie
527 745 666 784 Domine,

333 791 416 822 dilue
440 794 553 823 reatus.

407 891 452 917 Ad
470 891 649 918 Benedictus.

216 948 254 978 A.
283 947 441 988 Felicitas,

334 994 494 1024 tormentis
518 994 659 1031 pluribus

287 1039 494 1077 Comprobata

332 1089 365 1115 ut
390 1094 496 1116 aurum
521 1085 654 1124 ignibus,

285 1130 466 1162 Decollatur

333 1186 352 1208 a
373 1177 471 1208 servis
495 1176 634 1208 trucibus

286 1223 329 1254 Et
352 1223 492 1254 succedit

333 1270 396 1300 suis
420 1269 609 1308 pignoribus

398 1390 474 1421 Per
497 1389 642 1419 Horas.

415 1480 459 1507 Ad
478 1480 613 1507 Primam.

220 1537 259 1569 A.
289 1537 414 1575 Septem
438 1537 503 1567 nati
528 1539 680 1575 martyres

337 1591 404 1613 cum
427 1585 528 1613 matre
552 1582 651 1613 effecti

290 1629 326 1659 111
349 1629 502 1660 caelorum
526 1630 640 1668 gaudia

335 1675 426 1705 simul
450 1677 522 1706 sunt
545 1675 670 1706 invecti.

1083 211 1125 237 Ad
1147 212 1283 238 Tertiam.

877 269 916 300 A.
947 267 1018 306 Vos,
1045 277 1061 298 0
1087 268 1187 299 sancti
1212 273 1377 307 martyres,

994 314 1138 353 precibus
1164 322 1336 353 precamur,

947 360 992 392 Ut
1012 361 1052 392 ad
1078 361 1179 392 caelos
1204 359 1371 392 transferri

994 415 1050 445 per
1074 416 1130 438 vos
1154 415 1339 438 mereamur.

1089 480 1133 507 Ad
1152 481 1277 508 Sextam.

910 561 916 568 .
947 536 1081 568 Mortem
1107 537 1207 568 sancti
1234 537 1374 576 corporis

992 583 1100 615 duram
1126 587 1322 622 receperunt,

947 629 1050 661 Vitam
1075 632 1178 660 autem
1203 630 1324 661 animae

993 684 1050 714 per
1074 676 1156 706 hanc
1178 676 1374 708 invenerunt.

1090 748 1135 775 Ad
1153 749 1274 776 Nonam.

913 830 918 835 .
948 805 1079 845 Fraglat,
1100 805 1198 836 virtus
1222 808 1395 844 martyrum

993 852 1085 883 theca
1106 852 1168 883 iam
1194 852 1311 891 collisa,

947 898 1051 929 Mater
1074 900 1163 929 natos
1189 899 1329 937 sequitur

992 946 1065 982 post
1087 944 1158 975 illos
1181 945 1293 985 occisa,

948 990 1075 1022 Plaudit
1098 991 1157 1021 1100
1182 999 1250 1021 011111
1273 990 1348 1021 filiis

994 1039 1094 1067 morte
1118 1036 1178 1066 iam
1206 1036 1319 1078 decisa,

947 1083 998 1114 Ab
1022 1082 1146 1113 illorum
1171 1083 1283 1121 gaudio

995 1137 1063 1159 cum
1088 1128 1130 1159 sit
1152 1129 1297 1159 indivisa.

1060 1201 1104 1228 Ad
1122 1201 1298 1236 Magnificat.

912 1283 918 1288 .
950 1258 1051 1295 Salve,
1077 1260 1186 1289 sancta

997 1304 1156 1335 laudanda
1182 1305 1293 1342 contio,

951 1350 1052 1390 Salve,
1078 1351 1131 1389 pia

995 1397 1098 1435 plebis
1126 1397 1303 1436 exsultatio,

950 1443 1043 1475 Vitae
1066 1452 1184 1480 norma,

997 1489 1122 1520 virtutis
1147 1489 1276 1528 sanctio,

952 1535 1056 1572 Salve,
1082 1538 1116 1566 tu
1141 1544 1191 1567 ca-

999 1582 1102 1613 ritatis
1126 1582 1209 1621 unio,

953 1628 1019 1659 Tuo
1043 1637 1099 1658 nos
1123 1629 1179 1659 ad-

1000 1674 1093 1713 iunge
1117 1674 1257 1713 collegio.

296 1748 334 1773 Er
348 1755 378 1772 zv.
404 1755 455 1773 ms.
482 1746 686 1782 Aquilegienee
711 1754 784 1773 saec.
811 1745 853 1773 15.
897 1746 964 1773 Cod.
990 1746 1096 1773 Semin.
1122 1747 1267 1774 Brixinen.
1292 1755 1314 1773 s.
1342 1756 1369 1773 n.
1393 1761 1430 1766 —
1455 1747 1494 1774 In

223 1782 246 1810 1.
265 1784 293 1811 N
306 1786 367 1810 101.
390 1782 409 1808 Β
438 1781 464 1816 2,
484 1782 501 1810 5
521 1786 671 1810 certamen.
692 1797 729 1801 —
747 1784 787 1810 In
813 1781 838 1809 2.
859 1784 904 1811 Νι
918 1786 958 1810 ct.
981 1781 1000 1808 R
1029 1781 1054 1815 3,
1076 1781 1093 1810 3
1117 1784 1284 1819 fulgentius.
1305 1798 1341 1802 —
1360 1785 1498 1819 Hymnen

220 1820 264 1847 Ad
283 1821 369 1855 Vesp.
390 1823 418 1847 et
440 1821 534 1847 Noct.:
556 1820 662 1853 Gaude,
683 1823 773 1847 mater
793 1821 914 1847 ecclesia
934 1820 1027 1851 (Anal.
1041 1821 1090 1854 IV,
1114 1818 1190 1855 138);
1217 1821 1253 1848 ad
1272 1821 1380 1848 Laud-z
1404 1822 1498 1848 Mater

221 1860 353 1884 natorum
372 1858 499 1889 vulnera,
519 1858 632 1884 Divisio
653 1858 701 1885 (105
722 1858 842 1894 vorigen
861 1858 945 1887 (Ibid.
968 1855 1038 1892 139).

697 2005 723 2035 9.
752 2005 795 2035 De
814 2006 923 2035 sancta
942 2005 1023 2036 Fide.

356 2119 400 2150 In
428 2119 458 2151 1.
484 2118 695 2158 vesperis,

409 2209 453 2236 Ad
472 2209 646 2244 Magnificat.

223 2277 263 2308 A.
293 2276 346 2307 Ad
369 2276 517 2307 honorem
543 2279 635 2315 atque
658 2278 783 2310 laudem

338 2322 518 2361 sempiterni
542 2323 675 2354 numinis

958 2092 1157 2124 Celebremus
1184 2093 1265 2124 diem
1290 2091 1404 2124 festum

1004 2140 1131 2170 sanctae
1156 2138 1246 2169 Fidis
1270 2139 1413 2179 virginis,

958 2185 1042 2223 Quae
1060 2193 1117 2223 per
1133 2185 1246 2225 ignem,
1272 2194 1329 2224 per
1347 2189 1503 2218 tormenta

1006 2231 1196 2270 calicemque
1220 2233 1381 2271 sanguinis

962 2277 1022 2309 Est
1045 2277 1162 2316 adepta
1184 2278 1408 2317 triumphantis

1004 2323 1145 2356 bravium
1171 2325 1360 2359 certaminiS.
