1650 2542
709 161 757 166 —
805 141 870 177 119

259 231 302 263 Et
324 231 379 263 lux
403 235 500 272 tanta,
527 243 617 273 quam
645 237 770 269 timeret

305 278 472 309 Hominum
495 279 636 322 intuitus,

261 325 406 365 paruere,
432 328 468 356 ut
492 326 634 368 clareret,

305 371 401 409 Quam
425 371 468 402 sit
492 372 578 404 caelo
604 375 724 415 editus3

191 416 226 447 V.
256 417 412 456 Superans
437 416 641 458 fragrantiam

304 464 389 495 Odor
409 465 584 496 naturalem

258 509 448 541 Cumulatam
475 511 605 550 gloriam

301 556 460 588 Monstrat
483 558 682 598 singularem.

223 637 229 643 .
257 611 376 651 Corpus
400 621 509 644 carens

301 656 409 689 fluenti
435 660 520 690 carie

255 704 360 735 Instar
383 705 491 744 leprae

300 751 433 782 latorem
454 752 592 783 saucium

254 797 383 829 Plenum
411 799 509 829 claret

300 842 424 875 fluentis
448 845 578 884 gratiae,

253 889 335 920 Dum
360 891 487 922 odorem

299 937 420 976 spargit
443 937 597 968 eximium.

211 1005 218 1012 .
248 981 344 1021 Signa
365 985 521 1014 testantur
547 983 663 1016 caelica

296 1028 340 1059 Et
364 1029 469 1060 odoris
495 1029 616 1062 diffusio

250 1074 299 1105 De
325 1075 466 1106 doctrina
491 1076 644 1108 catholica

294 1121 337 1152 Et
363 1121 401 1152 de
425 1122 556 1160 pudoris
581 1123 657 1156 lilio.

217 1201 224 1207 .
249 1175 454 1208 Pulchritudo

295 1223 387 1253 strati
409 1223 531 1254 itineris

249 1268 326 1299 Eius
350 1269 428 1300 hora

297 1315 441 1354 completi
465 1316 625 1355 temporis,

248 1360 419 1393 Multitudo

296 1408 438 1439 caelestis
462 1409 593 1448 agminis

250 1452 367 1484 Ferens
391 1455 423 1485 in
448 1455 589 1486 manibus

294 1509 369 1531 vasa
392 1501 517 1532 luminis

247 1546 340 1577 Hunc
365 1547 580 1579 demonstrant

291 1593 480 1632 iungendum
504 1594 626 1633 superis

245 1639 288 1670 Et
314 1639 475 1671 declarant

293 1686 353 1717 vim
379 1687 608 1727 sanctitudinis,

179 1732 212 1764 V.
242 1732 330 1764 Tunc
354 1733 514 1765 mirandus
539 1732 643 1773 fulgor
666 1734 755 1774 lucis,

244 1779 326 1810 Dum
348 1780 474 1811 auditur
498 1780 628 1812 verbum
653 1781 750 1824 ducis,

244 1825 484 1858 Praemiandum
510 1827 593 1858 hunc
613 1836 670 1866 pro
685 1828 785 1859 crucis

292 1872 454 1904 Portitura
478 1873 596 1905 sedula.

338 1995 382 2026 In
408 1994 630 2027 Laudibus.

388 2068 581 2104 Antiphonae.

209 2151 217 2158 .
243 2126 304 2165 En,
330 2126 421 2157 adest
447 2126 513 2157 dies
539 2125 681 2166 celebris,

290 2172 470 2211 Ieronymus
497 2182 557 2212 qua
580 2174 692 2205 laetius

243 2219 371 2251 Transit
396 2219 435 2251 de
458 2220 566 2252 mundi
590 2221 728 2252 tenebris

290 2265 376 2298 Caeli
399 2266 475 2298 civis
502 2267 643 2301 eximius,

184 2324 215 2354 2.
241 2321 465 2353 Alexandrinis
490 2322 611 2362 profuit

288 2369 379 2401 Ieron
382 2369 446 2410 ymi
472 2371 602 2410 vocatio,

847 1768 884 1799 A.

919 161 964 168 -..-

928 240 994 278 Qua
1015 239 1049 270 in
1074 238 1186 270 delicto
1211 238 1314 271 adfuit

975 285 1123 316 Miranda
1145 285 1299 319 liberatio.

895 364 902 371 .
926 340 1146 372 Innocentibus
1178 341 1290 372 delatis

973 387 1153 418 Bethlehem
1179 387 1391 426 pergentibus,

926 433 1002 473 Igne
1027 436 1058 465 et
1080 432 1182 464 fluctis
1209 434 1362 465 damnatis

971 480 1081 511 Astitit
1110 480 1302 519 leronymus

924 534 1028 566 Titum
1051 535 1195 566 devotum
1218 537 1374 575 perditum

971 582 1143 614 Revocavit
1165 582 1207 613 ad
1230 583 1371 622 gratiam,

924 627 1079 659 Monacho
1102 628 1190 667 lapso
1215 629 1336 660 aditum

971 674 1157 713 1mpetravit
1180 675 1221 706 ad
1245 676 1376 709 veniam.

891 753 899 761 .
925 729 1063 768 Propter
1086 730 1192 761 luxum
1216 731 1392 771 presbyteri

968 775 1102 807 Iacentis
1127 785 1215 808 sacro
1240 779 1357 809 tumulo

922 821 1044 852 Pestem
1069 825 1232 854 senserunt
1255 825 1351 855 ceteri

967 868 1138 900 Revelante
1162 870 1340 909 Ieronymo.

1036 950 1081 977 Ad
1099 951 1280 978 Benedictus.

920 1006 1077 1045 Ieronymi

966 1052 1058 1084 beata
1080 1053 1186 1084 munia

920 1099 1036 1130 Noster
1060 1099 1171 1130 chorus

964 1149 1088 1184 promat
1112 1154 1180 1176 oum
1203 1146 1327 1187 gaudio,

923 1191 1015 1223 Cuius
1040 1192 1144 1223 clarae

966 1238 1126 1269 doctrinae
1149 1238 1251 1277 gratia

918 1283 1009 1315 Orbis
1034 1286 1116 1315 totus

964 1328 1098 1369 refulget
1122 1330 1220 1373 radio,

919 1375 1010 1406 Nunc
1034 1379 1162 1407 aeterna

965 1422 1124 1454 doctorum
1150 1423 1249 1462 gloria

919 1469 1041 1501 Gaudet
1064 1467 1142 1501 felix

965 1515 1087 1546 iunctus
1112 1516 1250 1555 collegio.

985 1627 1030 1659 In
1053 1629 1083 1660 2.
1110 1627 1323 1666 Vesperis.

1032 1709 1076 1736 Ad
1095 1709 1272 1745 Magnificat.

915 1767 939 1798 O
965 1767 1130 1806 Ieronyme
1152 1768 1269 1808 inclite,

962 1815 1023 1846 Per
1047 1823 1137 1853 quem
1162 1813 1262 1854 fulget
1286 1816 1427 1856 ecclesia,

915 1860 1102 1900 Virginitate
1125 1862 1278 1901 praedite,

960 1907 1034 1938 Zelo
1059 1908 1195 1947 virtutis,
1221 1909 1332 1949 gratia,

915 1953 1078 1991 Baptistae
1102 1962 1228 1993 compar
1252 1956 1378 1994 prodite

962 1999 1056 2031 Vitae
1080 2003 1112 2031 et
1134 2001 1324 2033 abstinentia

913 2045 957 2077 Et
978 2046 1011 2077 in
1037 2048 1154 2079 cunctis
1180 2050 1358 2089 composite,

959 2092 1129 2126 Facundae
1154 2095 1357 2136 eloquentiae,

914 2139 1044 2171 Pietatis
1067 2141 1196 2173 inclitae

959 2187 1156 2220 Admiranda
1177 2189 1333 2230 prodigia,

914 2233 972 2273 Tu,
999 2235 1138 2267 caritatis
1163 2236 1275 2267 solitae

959 2281 1082 2313 Memor
1109 2283 1150 2314 ad
1177 2282 1282 2315 danda
1305 2284 1421 2323 munia,

914 2327 1019 2359 Finito
1041 2330 1151 2361 mundi
1174 2330 1300 2361 tramite

958 2375 1083 2407 Perduc
1106 2386 1162 2408 nos
1187 2377 1228 2408 ad
1254 2377 1410 2410 caelestia.
