<?xml version="1.0" encoding="UTF-8"?>
<!DOCTYPE html PUBLIC "-//W3C//DTD XHTML 1.0 Transitional//EN"
    "http://www.w3.org/TR/xhtml1/DTD/xhtml1-transitional.dtd">
<html xmlns="http://www.w3.org/1999/xhtml" xml:lang="en" lang="en">
 <head>
  <title>
</title>
<meta http-equiv="Content-Type" content="text/html;charset=utf-8" />
  <meta name='ocr-system' content='tesseract 3.04.00' />
  <meta name='ocr-capabilities' content='ocr_page ocr_carea ocr_par ocr_line ocrx_word'/>
</head>
<body>
  <div class='ocr_page' id='page_1' title='image "./analectahymnica26drevuoft_00198.png"; bbox 0 0 1650 2542; ppageno 0'>
   <div class='ocr_carea' id='block_1_1' title="bbox 270 225 660 309">
    <p class='ocr_par' dir='ltr' id='par_1_1' title="bbox 270 225 660 309">
     <span class='ocr_line' id='line_1_1' title="bbox 271 225 660 267; baseline 0.018 -12"><span class='ocrx_word' id='word_1_1' title='bbox 271 225 345 263; x_wconf 88' lang='lat' dir='ltr'>Ipse</span> <span class='ocrx_word' id='word_1_2' title='bbox 371 225 491 258; x_wconf 90' lang='lat' dir='ltr'>devotis</span> <span class='ocrx_word' id='word_1_3' title='bbox 514 229 660 267; x_wconf 85' lang='lat' dir='ltr'>precibus</span> 
     </span>
     <span class='ocr_line' id='line_1_2' title="bbox 270 270 646 309; baseline 0.021 -8"><span class='ocrx_word' id='word_1_4' title='bbox 270 270 370 303; x_wconf 90' lang='lat' dir='ltr'>Deum</span> <span class='ocrx_word' id='word_1_5' title='bbox 394 275 464 304; x_wconf 91' lang='lat' dir='ltr'>orat</span> <span class='ocrx_word' id='word_1_6' title='bbox 487 276 646 309; x_wconf 88' lang='lat' dir='ltr'>attentius.</span> 
     </span>
    </p>
   </div>
   <div class='ocr_carea' id='block_1_2' title="bbox 406 346 610 382">
    <p class='ocr_par' dir='ltr' id='par_1_2' title="bbox 406 346 610 382">
     <span class='ocr_line' id='line_1_3' title="bbox 406 346 610 382; baseline 0.015 -10"><span class='ocrx_word' id='word_1_7' title='bbox 406 346 610 382; x_wconf 85' lang='lat' dir='ltr'>Responsoria.</span> 
     </span>
    </p>
   </div>
   <div class='ocr_carea' id='block_1_3' title="bbox 194 399 738 861">
    <p class='ocr_par' dir='ltr' id='par_1_3' title="bbox 216 399 738 533">
     <span class='ocr_line' id='line_1_4' title="bbox 216 399 738 447; baseline 0.018 -16"><span class='ocrx_word' id='word_1_8' title='bbox 216 399 244 431; x_wconf 89' lang='lat'><strong>1.</strong></span> <span class='ocrx_word' id='word_1_9' title='bbox 272 400 422 441; x_wconf 83' lang='lat' dir='ltr'>Princeps</span> <span class='ocrx_word' id='word_1_10' title='bbox 447 403 517 442; x_wconf 89' lang='lat' dir='ltr'>pius</span> <span class='ocrx_word' id='word_1_11' title='bbox 543 408 574 436; x_wconf 91' lang='lat' dir='ltr'>et</span> <span class='ocrx_word' id='word_1_12' title='bbox 597 406 738 447; x_wconf 88' lang='lat' dir='ltr'>insignis,</span> 
     </span>
     <span class='ocr_line' id='line_1_5' title="bbox 317 448 637 494; baseline 0.013 -15"><span class='ocrx_word' id='word_1_13' title='bbox 317 448 461 480; x_wconf 87' lang='lat' dir='ltr'>Kanutus</span> <span class='ocrx_word' id='word_1_14' title='bbox 487 452 637 494; x_wconf 87' lang='lat' dir='ltr'>egregius,</span> 
     </span>
     <span class='ocr_line' id='line_1_6' title="bbox 268 493 670 533; baseline 0.017 -9"><span class='ocrx_word' id='word_1_15' title='bbox 268 493 368 533; x_wconf 84' lang='lat' dir='ltr'>Regni</span> <span class='ocrx_word' id='word_1_16' title='bbox 394 495 577 529; x_wconf 89' lang='lat' dir='ltr'>sublimatus</span> <span class='ocrx_word' id='word_1_17' title='bbox 602 498 670 531; x_wconf 91' lang='lat' dir='ltr'>Deo</span> 
     </span>
    </p>

    <p class='ocr_par' dir='ltr' id='par_1_4' title="bbox 194 540 727 861">
     <span class='ocr_line' id='line_1_7' title="bbox 315 540 671 587; baseline 0.017 -17"><span class='ocrx_word' id='word_1_18' title='bbox 315 540 500 579; x_wconf 84' lang='lat' dir='ltr'>disponente</span> <span class='ocrx_word' id='word_1_19' title='bbox 524 541 671 587; x_wconf 81' lang='lat' dir='ltr'>fascibus,</span> 
     </span>
     <span class='ocr_line' id='line_1_8' title="bbox 262 571 719 630; baseline 0.02 -14"><span class='ocrx_word' id='word_1_20' title='bbox 262 585 299 617; x_wconf 89' lang='lat' dir='ltr'>In</span> <span class='ocrx_word' id='word_1_21' title='bbox 326 586 439 619; x_wconf 92' lang='lat' dir='ltr'>divinis</span> <span class='ocrx_word' id='word_1_22' title='bbox 460 589 556 620; x_wconf 87' lang='lat' dir='ltr'>vitam</span> <span class='ocrx_word' id='word_1_23' title='bbox 581 571 719 630; x_wconf 69' lang='lat' dir='ltr'>prudens</span> 
     </span>
     <span class='ocr_line' id='line_1_9' title="bbox 311 633 628 677; baseline 0.02 -14"><span class='ocrx_word' id='word_1_24' title='bbox 311 633 443 665; x_wconf 88' lang='lat' dir='ltr'>ornabat</span> <span class='ocrx_word' id='word_1_25' title='bbox 463 637 628 677; x_wconf 88' lang='lat' dir='ltr'>operibus;</span> 
     </span>
     <span class='ocr_line' id='line_1_10' title="bbox 194 678 654 722; baseline 0.017 -14"><span class='ocrx_word' id='word_1_26' title='bbox 194 678 232 709; x_wconf 93' lang='lat' dir='ltr'>V.</span> <span class='ocrx_word' id='word_1_27' title='bbox 262 678 464 712; x_wconf 84' lang='lat' dir='ltr'>Sustentabat</span> <span class='ocrx_word' id='word_1_28' title='bbox 487 682 597 722; x_wconf 84' lang='lat' dir='ltr'>inopes</span> <span class='ocrx_word' id='word_1_29' title='bbox 623 688 654 716; x_wconf 89' lang='lat' dir='ltr'>et</span> 
     </span>
     <span class='ocr_line' id='line_1_11' title="bbox 311 724 661 772; baseline 0.017 -16"><span class='ocrx_word' id='word_1_30' title='bbox 311 724 474 758; x_wconf 88' lang='lat' dir='ltr'>refovebat</span> <span class='ocrx_word' id='word_1_31' title='bbox 497 738 661 772; x_wconf 83' lang='lat' dir='ltr'>pauperes,</span> 
     </span>
     <span class='ocr_line' id='line_1_12' title="bbox 267 772 727 811; baseline 0.013 -7"><span class='ocrx_word' id='word_1_32' title='bbox 267 772 312 804; x_wconf 87' lang='lat' dir='ltr'>Ut</span> <span class='ocrx_word' id='word_1_33' title='bbox 335 776 464 811; x_wconf 87' lang='lat' dir='ltr'>pararet</span> <span class='ocrx_word' id='word_1_34' title='bbox 485 775 569 807; x_wconf 88' lang='lat' dir='ltr'>inter</span> <span class='ocrx_word' id='word_1_35' title='bbox 593 786 727 810; x_wconf 91' lang='lat' dir='ltr'>summos</span> 
     </span>
     <span class='ocr_line' id='line_1_13' title="bbox 308 818 678 861; baseline 0.019 -12"><span class='ocrx_word' id='word_1_36' title='bbox 308 818 369 850; x_wconf 88' lang='lat' dir='ltr'>sibi</span> <span class='ocrx_word' id='word_1_37' title='bbox 394 820 499 851; x_wconf 88' lang='lat' dir='ltr'>sedem</span> <span class='ocrx_word' id='word_1_38' title='bbox 523 831 678 861; x_wconf 84' lang='lat' dir='ltr'>proceres.</span> 
     </span>
    </p>
   </div>
   <div class='ocr_carea' id='block_1_4' title="bbox 209 873 754 1151">
    <p class='ocr_par' dir='ltr' id='par_1_5' title="bbox 209 873 743 1142">
     <span class='ocr_line' id='line_1_14' title="bbox 209 873 704 913; baseline 0.016 -10"><span class='ocrx_word' id='word_1_39' title='bbox 209 874 239 904; x_wconf 84' lang='lat'>2.</span> <span class='ocrx_word' id='word_1_40' title='bbox 265 873 501 913; x_wconf 77' lang='lat' dir='ltr'>Frequentabat</span> <span class='ocrx_word' id='word_1_41' title='bbox 524 882 704 911; x_wconf 86' lang='lat' dir='ltr'>reverenter</span> 
     </span>
     <span class='ocr_line' id='line_1_15' title="bbox 308 924 689 960; baseline 0.016 -9"><span class='ocrx_word' id='word_1_42' title='bbox 308 929 365 953; x_wconf 86' lang='lat' dir='ltr'>rex</span> <span class='ocrx_word' id='word_1_43' title='bbox 388 924 499 960; x_wconf 90' lang='lat' dir='ltr'>potens</span> <span class='ocrx_word' id='word_1_44' title='bbox 528 925 689 957; x_wconf 87' lang='lat' dir='ltr'>ecclesiam</span> 
     </span>
     <span class='ocr_line' id='line_1_16' title="bbox 262 966 667 1003; baseline 0.015 -6"><span class='ocrx_word' id='word_1_45' title='bbox 262 966 306 997; x_wconf 89' lang='lat' dir='ltr'>Et</span> <span class='ocrx_word' id='word_1_46' title='bbox 330 967 442 999; x_wconf 90' lang='lat' dir='ltr'>devoto</span> <span class='ocrx_word' id='word_1_47' title='bbox 468 978 559 1001; x_wconf 85' lang='lat' dir='ltr'>sacra</span> <span class='ocrx_word' id='word_1_48' title='bbox 581 971 667 1003; x_wconf 89' lang='lat' dir='ltr'>iussa</span> 
     </span>
     <span class='ocr_line' id='line_1_17' title="bbox 307 1014 636 1055; baseline 0.012 -11"><span class='ocrx_word' id='word_1_49' title='bbox 307 1014 498 1047; x_wconf 86' lang='lat' dir='ltr'>recondebat</span> <span class='ocrx_word' id='word_1_50' title='bbox 516 1018 636 1055; x_wconf 77' lang='lat' dir='ltr'>pectori</span> 
     </span>
     <span class='ocr_line' id='line_1_18' title="bbox 260 1059 655 1095; baseline 0.015 -6"><span class='ocrx_word' id='word_1_51' title='bbox 260 1059 410 1091; x_wconf 88' lang='lat' dir='ltr'>Pretiosis</span> <span class='ocrx_word' id='word_1_52' title='bbox 436 1061 539 1093; x_wconf 89' lang='lat' dir='ltr'>ditans</span> <span class='ocrx_word' id='word_1_53' title='bbox 566 1064 655 1095; x_wconf 89' lang='lat' dir='ltr'>donis</span> 
     </span>
     <span class='ocr_line' id='line_1_19' title="bbox 307 1105 754 1151; baseline 0.014 -15"><span class='ocrx_word' id='word_1_54' title='bbox 307 1105 430 1137; x_wconf 85' lang='lat' dir='ltr'>domum</span> <span class='ocrx_word' id='word_1_55' title='bbox 455 1111 594 1140; x_wconf 81' lang='lat' dir='ltr'>sanctam</span> <span class='ocrx_word' id='word_1_56' title='bbox 618 1110 754 1151; x_wconf 85' lang='lat' dir='ltr'>Domini,</span> 
     </span>
    </p>
   </div>
   <div class='ocr_carea' id='block_1_5' title="bbox 186 1149 802 1195">
    <p class='ocr_par' dir='ltr' id='par_1_6' title="bbox 186 1149 802 1195">
     <span class='ocr_line' id='line_1_20' title="bbox 186 1149 802 1195; baseline 0.015 -14"><span class='ocrx_word' id='word_1_57' title='bbox 186 1149 222 1181; x_wconf 94' lang='lat' dir='ltr'>V.</span> <span class='ocrx_word' id='word_1_58' title='bbox 258 1150 299 1183; x_wconf 74' lang='lat' dir='ltr'>Ut</span> <span class='ocrx_word' id='word_1_59' title='bbox 330 1153 487 1185; x_wconf 80' lang='lat' dir='ltr'>memoria</span> <span class='ocrx_word' id='word_1_60' title='bbox 512 1154 578 1187; x_wconf 71' lang='lat' dir='ltr'>eius</span> <span class='ocrx_word' id='word_1_61' title='bbox 596 1161 802 1195; x_wconf 68' lang='lat' dir='ltr'>permaneret</span> 
     </span>
    </p>
   </div>
   <div class='ocr_carea' id='block_1_6' title="bbox 196 1197 630 1288">
    <p class='ocr_par' dir='ltr' id='par_1_7' title="bbox 196 1197 630 1288">
     <span class='ocr_line' id='line_1_21' title="bbox 252 1197 630 1235; baseline 0.014 -7"><span class='ocrx_word' id='word_1_62' title='bbox 252 1197 290 1228; x_wconf 71' lang='lat' dir='ltr'>in</span> <span class='ocrx_word' id='word_1_63' title='bbox 313 1198 478 1230; x_wconf 77' lang='lat' dir='ltr'>saeculum</span> <span class='ocrx_word' id='word_1_64' title='bbox 500 1201 630 1235; x_wconf 73' lang='lat' dir='ltr'>saeculi.</span> 
     </span>
     <span class='ocr_line' id='line_1_22' title="bbox 196 1253 599 1288; baseline 0.01 -4"><span class='ocrx_word' id='word_1_65' title='bbox 196 1253 227 1285; x_wconf 97' lang='lat'>3.</span> <span class='ocrx_word' id='word_1_66' title='bbox 256 1253 405 1285; x_wconf 89' lang='lat' dir='ltr'>Turbinis</span> <span class='ocrx_word' id='word_1_67' title='bbox 429 1257 465 1286; x_wconf 91' lang='lat' dir='ltr'>ut</span> <span class='ocrx_word' id='word_1_68' title='bbox 487 1259 599 1288; x_wconf 88' lang='lat' dir='ltr'>ventus</span> 
     </span>
    </p>
   </div>
   <div class='ocr_carea' id='block_1_7' title="bbox 302 1298 796 1349">
    <p class='ocr_par' dir='ltr' id='par_1_8' title="bbox 302 1298 796 1349">
     <span class='ocr_line' id='line_1_23' title="bbox 302 1298 796 1349; baseline 0.017 -19"><span class='ocrx_word' id='word_1_69' title='bbox 302 1298 379 1331; x_wconf 88' lang='lat' dir='ltr'>furit</span> <span class='ocrx_word' id='word_1_70' title='bbox 404 1301 501 1342; x_wconf 91' lang='lat' dir='ltr'>impia</span> <span class='ocrx_word' id='word_1_71' title='bbox 521 1303 612 1341; x_wconf 85' lang='lat' dir='ltr'>plebs</span> <span class='ocrx_word' id='word_1_72' title='bbox 633 1306 796 1349; x_wconf 80' lang='lat' dir='ltr'>aquiloniS,</span> 
     </span>
    </p>
   </div>
   <div class='ocr_carea' id='block_1_8' title="bbox 180 1345 685 1573">
    <p class='ocr_par' dir='ltr' id='par_1_9' title="bbox 180 1345 675 1573">
     <span class='ocr_line' id='line_1_24' title="bbox 255 1345 573 1381; baseline 0.016 -5"><span class='ocrx_word' id='word_1_73' title='bbox 255 1345 382 1378; x_wconf 76' lang='lat' dir='ltr'>Viribus</span> <span class='ocrx_word' id='word_1_74' title='bbox 407 1348 573 1381; x_wconf 89' lang='lat' dir='ltr'>intendens</span> 
     </span>
     <span class='ocr_line' id='line_1_25' title="bbox 300 1393 685 1440; baseline 0.016 -18"><span class='ocrx_word' id='word_1_75' title='bbox 300 1393 374 1424; x_wconf 87' lang='lat' dir='ltr'>totis</span> <span class='ocrx_word' id='word_1_76' title='bbox 399 1395 588 1427; x_wconf 83' lang='lat' dir='ltr'>australibus</span> <span class='ocrx_word' id='word_1_77' title='bbox 613 1397 685 1440; x_wconf 89' lang='grc'>0113,</span> 
     </span>
     <span class='ocr_line' id='line_1_26' title="bbox 250 1438 573 1479; baseline 0.012 -10"><span class='ocrx_word' id='word_1_78' title='bbox 250 1438 319 1469; x_wconf 88' lang='lat' dir='ltr'>Rex</span> <span class='ocrx_word' id='word_1_79' title='bbox 343 1438 387 1470; x_wconf 93' lang='lat' dir='ltr'>ibi</span> <span class='ocrx_word' id='word_1_80' title='bbox 411 1441 573 1479; x_wconf 89' lang='lat' dir='ltr'>promissis</span> 
     </span>
     <span class='ocr_line' id='line_1_27' title="bbox 297 1485 658 1531; baseline 0.012 -15"><span class='ocrx_word' id='word_1_81' title='bbox 297 1485 457 1517; x_wconf 79' lang='lat' dir='ltr'>seducitur</span> <span class='ocrx_word' id='word_1_82' title='bbox 480 1488 658 1531; x_wconf 81' lang='lat' dir='ltr'>insidiosis3</span> 
     </span>
     <span class='ocr_line' id='line_1_28' title="bbox 180 1529 601 1573; baseline 0.012 -12"><span class='ocrx_word' id='word_1_83' title='bbox 180 1529 216 1562; x_wconf 95' lang='lat' dir='ltr'>V.</span> <span class='ocrx_word' id='word_1_84' title='bbox 250 1531 296 1564; x_wconf 90' lang='lat' dir='ltr'>Ut</span> <span class='ocrx_word' id='word_1_85' title='bbox 318 1533 414 1564; x_wconf 87' lang='lat' dir='ltr'>Iudas</span> <span class='ocrx_word' id='word_1_86' title='bbox 439 1535 601 1573; x_wconf 87' lang='lat' dir='ltr'>proprium</span> 
     </span>
    </p>
   </div>
   <div class='ocr_carea' id='block_1_9' title="bbox 296 1578 760 1624">
    <p class='ocr_par' dir='ltr' id='par_1_10' title="bbox 296 1578 760 1624">
     <span class='ocr_line' id='line_1_29' title="bbox 296 1578 760 1624; baseline 0.015 -16"><span class='ocrx_word' id='word_1_87' title='bbox 296 1578 444 1610; x_wconf 76' lang='lat' dir='ltr'>tradebat</span> <span class='ocrx_word' id='word_1_88' title='bbox 465 1589 544 1620; x_wconf 88' lang='lat' dir='ltr'>pace</span> <span class='ocrx_word' id='word_1_89' title='bbox 568 1582 760 1624; x_wconf 88' lang='lat' dir='ltr'>magistrum,</span> 
     </span>
    </p>
   </div>
   <div class='ocr_carea' id='block_1_10' title="bbox 247 1624 613 1712">
    <p class='ocr_par' dir='ltr' id='par_1_11' title="bbox 247 1624 613 1712">
     <span class='ocr_line' id='line_1_30' title="bbox 247 1624 499 1658; baseline 0.008 -2"><span class='ocrx_word' id='word_1_90' title='bbox 247 1624 300 1656; x_wconf 85' lang='lat' dir='ltr'>Sic</span> <span class='ocrx_word' id='word_1_91' title='bbox 324 1634 343 1656; x_wconf 93' lang='lat' dir='ltr'>a</span> <span class='ocrx_word' id='word_1_92' title='bbox 368 1626 499 1658; x_wconf 87' lang='lat' dir='ltr'>conviva</span> 
     </span>
     <span class='ocr_line' id='line_1_31' title="bbox 293 1672 613 1712; baseline 0.013 -10"><span class='ocrx_word' id='word_1_93' title='bbox 293 1672 430 1703; x_wconf 85' lang='lat' dir='ltr'>traditur</span> <span class='ocrx_word' id='word_1_94' title='bbox 453 1673 522 1712; x_wconf 89' lang='lat' dir='ltr'>ipse</span> <span class='ocrx_word' id='word_1_95' title='bbox 548 1683 613 1709; x_wconf 91' lang='lat' dir='ltr'>suo.</span> 
     </span>
    </p>
   </div>
   <div class='ocr_carea' id='block_1_11' title="bbox 305 1794 659 1829">
    <p class='ocr_par' dir='ltr' id='par_1_12' title="bbox 305 1794 659 1829">
     <span class='ocr_line' id='line_1_32' title="bbox 305 1794 659 1829; baseline 0.011 -4"><span class='ocrx_word' id='word_1_96' title='bbox 305 1794 349 1825; x_wconf 89' lang='lat' dir='ltr'>In</span> <span class='ocrx_word' id='word_1_97' title='bbox 377 1795 408 1827; x_wconf 82' lang='lat'><strong>2.</strong></span> <span class='ocrx_word' id='word_1_98' title='bbox 434 1794 659 1829; x_wconf 89' lang='lat' dir='ltr'>Nocturno.</span> 
     </span>
    </p>
   </div>
   <div class='ocr_carea' id='block_1_12' title="bbox 384 1866 577 1902">
    <p class='ocr_par' dir='ltr' id='par_1_13' title="bbox 384 1866 577 1902">
     <span class='ocr_line' id='line_1_33' title="bbox 384 1866 577 1902; baseline 0.01 -10"><span class='ocrx_word' id='word_1_99' title='bbox 384 1866 577 1902; x_wconf 87' lang='lat' dir='ltr'>Antiphonae.</span> 
     </span>
    </p>
   </div>
   <div class='ocr_carea' id='block_1_13' title="bbox 184 1921 709 2098">
    <p class='ocr_par' dir='ltr' id='par_1_14' title="bbox 184 1921 709 2098">
     <span class='ocr_line' id='line_1_34' title="bbox 184 1921 640 1965; baseline 0.009 -12"><span class='ocrx_word' id='word_1_100' title='bbox 184 1921 213 1953; x_wconf 87' lang='grc'>1.</span> <span class='ocrx_word' id='word_1_101' title='bbox 238 1922 412 1954; x_wconf 90' lang='lat' dir='ltr'>Intendunt</span> <span class='ocrx_word' id='word_1_102' title='bbox 436 1932 526 1955; x_wconf 88' lang='lat' dir='ltr'>arcus</span> <span class='ocrx_word' id='word_1_103' title='bbox 551 1925 640 1965; x_wconf 91' lang='lat' dir='ltr'>impii</span> 
     </span>
     <span class='ocr_line' id='line_1_35' title="bbox 240 1968 638 2003; baseline 0.008 -3"><span class='ocrx_word' id='word_1_104' title='bbox 240 1968 335 2000; x_wconf 85' lang='lat' dir='ltr'>Secus</span> <span class='ocrx_word' id='word_1_105' title='bbox 360 1970 469 2001; x_wconf 91' lang='lat' dir='ltr'>aedem</span> <span class='ocrx_word' id='word_1_106' title='bbox 494 1972 638 2003; x_wconf 84' lang='lat' dir='ltr'>altissimi</span> 
     </span>
     <span class='ocr_line' id='line_1_36' title="bbox 237 2016 709 2056; baseline 0.013 -10"><span class='ocrx_word' id='word_1_107' title='bbox 237 2016 282 2047; x_wconf 84' lang='lat' dir='ltr'>Et</span> <span class='ocrx_word' id='word_1_108' title='bbox 304 2025 409 2056; x_wconf 85' lang='lat' dir='ltr'>regem</span> <span class='ocrx_word' id='word_1_109' title='bbox 433 2021 574 2050; x_wconf 87' lang='lat' dir='ltr'>sanctum</span> <span class='ocrx_word' id='word_1_110' title='bbox 597 2019 709 2052; x_wconf 88' lang='lat' dir='ltr'>iaculis</span> 
     </span>
     <span class='ocr_line' id='line_1_37' title="bbox 239 2062 631 2098; baseline 0.01 -4"><span class='ocrx_word' id='word_1_111' title='bbox 239 2062 429 2095; x_wconf 89' lang='lat' dir='ltr'>Perfodiunt</span> <span class='ocrx_word' id='word_1_112' title='bbox 451 2064 631 2098; x_wconf 86' lang='lat' dir='ltr'>mortiferis.</span> 
     </span>
    </p>
   </div>
   <div class='ocr_carea' id='block_1_14' title="bbox 180 2118 708 2296">
    <p class='ocr_par' dir='ltr' id='par_1_15' title="bbox 180 2118 708 2296">
     <span class='ocr_line' id='line_1_38' title="bbox 180 2118 643 2154; baseline 0.009 -4"><span class='ocrx_word' id='word_1_113' title='bbox 180 2119 210 2150; x_wconf 86' lang='lat'><strong>2.</strong></span> <span class='ocrx_word' id='word_1_114' title='bbox 237 2118 402 2151; x_wconf 88' lang='lat' dir='ltr'>Perfossus</span> <span class='ocrx_word' id='word_1_115' title='bbox 427 2121 489 2152; x_wconf 90' lang='lat' dir='ltr'>telo</span> <span class='ocrx_word' id='word_1_116' title='bbox 514 2121 643 2154; x_wconf 83' lang='lat' dir='ltr'>lanceae</span> 
     </span>
     <span class='ocr_line' id='line_1_39' title="bbox 236 2164 708 2202; baseline 0.011 -5"><span class='ocrx_word' id='word_1_117' title='bbox 236 2164 281 2197; x_wconf 93' lang='lat' dir='ltr'>Ut</span> <span class='ocrx_word' id='word_1_118' title='bbox 306 2165 446 2198; x_wconf 86' lang='lat' dir='ltr'>Christus</span> <span class='ocrx_word' id='word_1_119' title='bbox 473 2168 584 2200; x_wconf 89' lang='lat' dir='ltr'>dextro</span> <span class='ocrx_word' id='word_1_120' title='bbox 607 2170 708 2202; x_wconf 91' lang='lat' dir='ltr'>latere</span> 
     </span>
     <span class='ocr_line' id='line_1_40' title="bbox 237 2211 669 2256; baseline 0.014 -14"><span class='ocrx_word' id='word_1_121' title='bbox 237 2211 402 2243; x_wconf 88' lang='lat' dir='ltr'>Occumbit</span> <span class='ocrx_word' id='word_1_122' title='bbox 425 2212 494 2246; x_wconf 91' lang='lat' dir='ltr'>fuso</span> <span class='ocrx_word' id='word_1_123' title='bbox 519 2217 669 2256; x_wconf 87' lang='lat' dir='ltr'>sanguine</span> 
     </span>
     <span class='ocr_line' id='line_1_41' title="bbox 236 2258 605 2296; baseline 0.019 -8"><span class='ocrx_word' id='word_1_124' title='bbox 236 2258 331 2289; x_wconf 90' lang='lat' dir='ltr'>Secus</span> <span class='ocrx_word' id='word_1_125' title='bbox 354 2268 438 2291; x_wconf 87' lang='lat' dir='ltr'>aram</span> <span class='ocrx_word' id='word_1_126' title='bbox 464 2261 605 2296; x_wconf 86' lang='lat' dir='ltr'>mirifice.</span> 
     </span>
    </p>
   </div>
   <div class='ocr_carea' id='block_1_15' title="bbox 176 2313 669 2409">
    <p class='ocr_par' dir='ltr' id='par_1_16' title="bbox 176 2313 669 2409">
     <span class='ocr_line' id='line_1_42' title="bbox 176 2313 669 2351; baseline 0.008 -4"><span class='ocrx_word' id='word_1_127' title='bbox 176 2315 207 2347; x_wconf 85' lang='lat'>3.</span> <span class='ocrx_word' id='word_1_128' title='bbox 235 2313 319 2345; x_wconf 87' lang='lat' dir='ltr'>Hinc</span> <span class='ocrx_word' id='word_1_129' title='bbox 343 2315 375 2345; x_wconf 94' lang='lat' dir='ltr'>in</span> <span class='ocrx_word' id='word_1_130' title='bbox 401 2316 517 2349; x_wconf 89' lang='lat' dir='ltr'>virtute</span> <span class='ocrx_word' id='word_1_131' title='bbox 540 2318 669 2351; x_wconf 93' lang='lat' dir='ltr'>Domini</span> 
     </span>
     <span class='ocr_line' id='line_1_43' title="bbox 233 2361 665 2409; baseline 0.014 -17"><span class='ocrx_word' id='word_1_132' title='bbox 233 2361 385 2393; x_wconf 82' lang='lat' dir='ltr'>Laetatur</span> <span class='ocrx_word' id='word_1_133' title='bbox 407 2372 490 2395; x_wconf 89' lang='lat' dir='ltr'>nunc</span> <span class='ocrx_word' id='word_1_134' title='bbox 512 2365 665 2409; x_wconf 86' lang='lat' dir='ltr'>altissimi,</span> 
     </span>
    </p>
   </div>
   <div class='ocr_carea' id='block_1_16' title="bbox 817 138 976 173">
    <p class='ocr_par' dir='ltr' id='par_1_17' title="bbox 817 138 976 173">
     <span class='ocr_line' id='line_1_44' title="bbox 817 138 976 173; baseline 0.013 -1"><span class='ocrx_word' id='word_1_135' title='bbox 817 138 882 173; x_wconf 86' lang='grc'>195</span> <span class='ocrx_word' id='word_1_136' title='bbox 932 160 976 164; x_wconf 61' lang='lat'>„-</span> 
     </span>
    </p>
   </div>
   <div class='ocr_carea' id='block_1_17' title="bbox 941 235 1350 324">
    <p class='ocr_par' dir='ltr' id='par_1_18' title="bbox 941 235 1350 324">
     <span class='ocr_line' id='line_1_45' title="bbox 941 235 1350 278; baseline 0.01 -11"><span class='ocrx_word' id='word_1_137' title='bbox 941 235 1093 268; x_wconf 84' lang='lat' dir='ltr'>Coronam</span> <span class='ocrx_word' id='word_1_138' title='bbox 1118 236 1221 269; x_wconf 89' lang='lat' dir='ltr'>ferens</span> <span class='ocrx_word' id='word_1_139' title='bbox 1247 240 1350 278; x_wconf 85' lang='lat' dir='ltr'>capite</span> 
     </span>
     <span class='ocr_line' id='line_1_46' title="bbox 942 282 1291 324; baseline 0.014 -11"><span class='ocrx_word' id='word_1_140' title='bbox 942 282 991 313; x_wconf 91' lang='lat' dir='ltr'>De</span> <span class='ocrx_word' id='word_1_141' title='bbox 1013 283 1152 321; x_wconf 90' lang='lat' dir='ltr'>pretioso</span> <span class='ocrx_word' id='word_1_142' title='bbox 1175 284 1291 324; x_wconf 88' lang='lat' dir='ltr'>lapide.</span> 
     </span>
    </p>
   </div>
   <div class='ocr_carea' id='block_1_18' title="bbox 1075 366 1276 401">
    <p class='ocr_par' dir='ltr' id='par_1_19' title="bbox 1075 366 1276 401">
     <span class='ocr_line' id='line_1_47' title="bbox 1075 366 1276 401; baseline 0 -8"><span class='ocrx_word' id='word_1_143' title='bbox 1075 366 1276 401; x_wconf 87' lang='lat' dir='ltr'>Responsoria.</span> 
     </span>
    </p>
   </div>
   <div class='ocr_carea' id='block_1_19' title="bbox 867 420 1415 832">
    <p class='ocr_par' dir='ltr' id='par_1_20' title="bbox 867 420 1403 832">
     <span class='ocr_line' id='line_1_48' title="bbox 881 420 1386 458; baseline 0.012 -6"><span class='ocrx_word' id='word_1_144' title='bbox 881 421 912 452; x_wconf 90' lang='lat'>1.</span> <span class='ocrx_word' id='word_1_145' title='bbox 940 420 1016 452; x_wconf 93' lang='lat' dir='ltr'>Cum</span> <span class='ocrx_word' id='word_1_146' title='bbox 1044 421 1156 454; x_wconf 86' lang='lat' dir='ltr'>divinis</span> <span class='ocrx_word' id='word_1_147' title='bbox 1180 432 1236 456; x_wconf 85' lang='lat' dir='ltr'>rex</span> <span class='ocrx_word' id='word_1_148' title='bbox 1258 425 1386 458; x_wconf 86' lang='lat' dir='ltr'>devotus</span> 
     </span>
     <span class='ocr_line' id='line_1_49' title="bbox 983 467 1337 503; baseline 0.014 -5"><span class='ocrx_word' id='word_1_149' title='bbox 983 467 1170 500; x_wconf 88' lang='lat' dir='ltr'>intendisset</span> <span class='ocrx_word' id='word_1_150' title='bbox 1193 470 1337 503; x_wconf 87' lang='lat' dir='ltr'>laudibus</span> 
     </span>
     <span class='ocr_line' id='line_1_50' title="bbox 936 513 1324 549; baseline 0.013 -5"><span class='ocrx_word' id='word_1_151' title='bbox 936 513 981 544; x_wconf 91' lang='lat' dir='ltr'>Et</span> <span class='ocrx_word' id='word_1_152' title='bbox 1002 522 1036 545; x_wconf 90' lang='lat' dir='ltr'>se</span> <span class='ocrx_word' id='word_1_153' title='bbox 1060 516 1157 547; x_wconf 88' lang='lat' dir='ltr'>sacris</span> <span class='ocrx_word' id='word_1_154' title='bbox 1182 520 1324 549; x_wconf 85' lang='lat' dir='ltr'>oraturus</span> 
     </span>
     <span class='ocr_line' id='line_1_51' title="bbox 982 560 1300 604; baseline 0.016 -14"><span class='ocrx_word' id='word_1_155' title='bbox 982 560 1140 593; x_wconf 85' lang='lat' dir='ltr'>intulisset</span> <span class='ocrx_word' id='word_1_156' title='bbox 1162 563 1300 604; x_wconf 85' lang='lat' dir='ltr'>aedibus,</span> 
     </span>
     <span class='ocr_line' id='line_1_52' title="bbox 937 606 1336 646; baseline 0.013 -9"><span class='ocrx_word' id='word_1_157' title='bbox 937 606 1030 646; x_wconf 85' lang='lat' dir='ltr'>Ecce,</span> <span class='ocrx_word' id='word_1_158' title='bbox 1056 608 1120 639; x_wconf 92' lang='lat' dir='ltr'>ruit</span> <span class='ocrx_word' id='word_1_159' title='bbox 1143 608 1336 642; x_wconf 85' lang='lat' dir='ltr'>innocentem</span> 
     </span>
     <span class='ocr_line' id='line_1_53' title="bbox 982 653 1415 702; baseline 0.017 -19"><span class='ocrx_word' id='word_1_160' title='bbox 982 653 1090 684; x_wconf 87' lang='lat' dir='ltr'>sitiens</span> <span class='ocrx_word' id='word_1_161' title='bbox 1114 655 1203 693; x_wconf 89' lang='lat' dir='ltr'>plebs</span> <span class='ocrx_word' id='word_1_162' title='bbox 1227 658 1415 702; x_wconf 89' lang='lat' dir='ltr'>sanguinem,</span> 
     </span>
     <span class='ocr_line' id='line_1_54' title="bbox 867 697 1340 738; baseline 0.015 -10"><span class='ocrx_word' id='word_1_163' title='bbox 867 697 902 728; x_wconf 91' lang='lat' dir='ltr'>V.</span> <span class='ocrx_word' id='word_1_164' title='bbox 932 698 1019 729; x_wconf 91' lang='lat' dir='ltr'>Inter</span> <span class='ocrx_word' id='word_1_165' title='bbox 1043 708 1118 738; x_wconf 90' lang='lat' dir='ltr'>quos</span> <span class='ocrx_word' id='word_1_166' title='bbox 1143 702 1223 732; x_wconf 88' lang='lat' dir='ltr'>alter</span> <span class='ocrx_word' id='word_1_167' title='bbox 1246 703 1340 735; x_wconf 89' lang='lat' dir='ltr'>Iudas</span> 
     </span>
     <span class='ocr_line' id='line_1_55' title="bbox 933 744 1254 780; baseline 0.012 -5"><span class='ocrx_word' id='word_1_168' title='bbox 933 744 1090 777; x_wconf 90' lang='lat' dir='ltr'>Discurrit</span> <span class='ocrx_word' id='word_1_169' title='bbox 1113 747 1254 780; x_wconf 90' lang='lat' dir='ltr'>sublimis</span> 
     </span>
     <span class='ocr_line' id='line_1_56' title="bbox 936 791 1365 832; baseline 0.016 -11"><span class='ocrx_word' id='word_1_170' title='bbox 936 791 1028 822; x_wconf 90' lang='lat' dir='ltr'>Velut</span> <span class='ocrx_word' id='word_1_171' title='bbox 1052 793 1197 832; x_wconf 88' lang='lat' dir='ltr'>princeps</span> <span class='ocrx_word' id='word_1_172' title='bbox 1219 795 1365 829; x_wconf 89' lang='lat' dir='ltr'>criminis.</span> 
     </span>
    </p>
   </div>
   <div class='ocr_carea' id='block_1_20' title="bbox 859 856 1468 1224">
    <p class='ocr_par' dir='ltr' id='par_1_21' title="bbox 859 856 1468 1224">
     <span class='ocr_line' id='line_1_57' title="bbox 877 856 1225 895; baseline 0.011 -9"><span class='ocrx_word' id='word_1_173' title='bbox 877 857 906 887; x_wconf 86' lang='lat'>2.</span> <span class='ocrx_word' id='word_1_174' title='bbox 933 856 1061 895; x_wconf 84' lang='lat' dir='ltr'>Ignibus</span> <span class='ocrx_word' id='word_1_175' title='bbox 1086 860 1118 888; x_wconf 90' lang='lat' dir='ltr'>et</span> <span class='ocrx_word' id='word_1_176' title='bbox 1141 857 1225 890; x_wconf 88' lang='lat' dir='ltr'>ferro</span> 
     </span>
     <span class='ocr_line' id='line_1_58' title="bbox 982 901 1460 942; baseline 0.019 -10"><span class='ocrx_word' id='word_1_177' title='bbox 982 901 1051 933; x_wconf 85' lang='lat' dir='ltr'>fera</span> <span class='ocrx_word' id='word_1_178' title='bbox 1074 904 1164 942; x_wconf 91' lang='lat' dir='ltr'>plebs</span> <span class='ocrx_word' id='word_1_179' title='bbox 1189 909 1309 938; x_wconf 85' lang='lat' dir='ltr'>armata</span> <span class='ocrx_word' id='word_1_180' title='bbox 1333 912 1460 941; x_wconf 88' lang='lat' dir='ltr'>cruento</span> 
     </span>
     <span class='ocr_line' id='line_1_59' title="bbox 932 948 1235 982; baseline 0.007 -2"><span class='ocrx_word' id='word_1_181' title='bbox 932 948 1111 981; x_wconf 87' lang='lat' dir='ltr'>Circumdat</span> <span class='ocrx_word' id='word_1_182' title='bbox 1131 959 1235 982; x_wconf 87' lang='lat' dir='ltr'>sacras</span> 
     </span>
     <span class='ocr_line' id='line_1_60' title="bbox 977 995 1434 1042; baseline 0.015 -17"><span class='ocrx_word' id='word_1_183' title='bbox 977 995 1071 1026; x_wconf 90' lang='lat' dir='ltr'>aedes</span> <span class='ocrx_word' id='word_1_184' title='bbox 1096 996 1277 1029; x_wconf 86' lang='lat' dir='ltr'>subvertere</span> <span class='ocrx_word' id='word_1_185' title='bbox 1300 1001 1434 1042; x_wconf 84' lang='lat' dir='ltr'>tentans,</span> 
     </span>
     <span class='ocr_line' id='line_1_61' title="bbox 930 1039 1279 1082; baseline 0.014 -12"><span class='ocrx_word' id='word_1_186' title='bbox 930 1039 993 1071; x_wconf 90' lang='lat' dir='ltr'>Sed</span> <span class='ocrx_word' id='word_1_187' title='bbox 1017 1045 1173 1080; x_wconf 89' lang='lat' dir='ltr'>nequeunt</span> <span class='ocrx_word' id='word_1_188' title='bbox 1193 1043 1279 1082; x_wconf 88' lang='lat' dir='ltr'>ignes</span> 
     </span>
     <span class='ocr_line' id='line_1_62' title="bbox 974 1094 1373 1134; baseline 0.015 -17"><span class='ocrx_word' id='word_1_189' title='bbox 974 1095 1080 1118; x_wconf 90' lang='lat' dir='ltr'>sacros</span> <span class='ocrx_word' id='word_1_190' title='bbox 1106 1096 1236 1120; x_wconf 87' lang='lat' dir='ltr'>exurere</span> <span class='ocrx_word' id='word_1_191' title='bbox 1258 1094 1373 1134; x_wconf 84' lang='lat' dir='ltr'>posteS,</span> 
     </span>
     <span class='ocr_line' id='line_1_63' title="bbox 859 1130 1231 1172; baseline 0.016 -11"><span class='ocrx_word' id='word_1_192' title='bbox 859 1130 897 1162; x_wconf 89' lang='lat' dir='ltr'><strong>V</strong></span> <span class='ocrx_word' id='word_1_193' title='bbox 926 1132 970 1163; x_wconf 86' lang='lat' dir='ltr'>Et</span> <span class='ocrx_word' id='word_1_194' title='bbox 992 1134 1091 1172; x_wconf 86' lang='lat' dir='ltr'>petris</span> <span class='ocrx_word' id='word_1_195' title='bbox 1116 1135 1231 1167; x_wconf 84' lang='lat' dir='ltr'>mixtae</span> 
     </span>
     <span class='ocr_line' id='line_1_64' title="bbox 973 1180 1468 1224; baseline 0.018 -15"><span class='ocrx_word' id='word_1_196' title='bbox 973 1180 1106 1211; x_wconf 88' lang='lat' dir='ltr'>volitant</span> <span class='ocrx_word' id='word_1_197' title='bbox 1125 1190 1183 1220; x_wconf 91' lang='lat' dir='ltr'>per</span> <span class='ocrx_word' id='word_1_198' title='bbox 1199 1185 1310 1221; x_wconf 87' lang='lat' dir='ltr'>aperta</span> <span class='ocrx_word' id='word_1_199' title='bbox 1327 1186 1468 1224; x_wconf 84' lang='lat' dir='ltr'>sagittae.</span> 
     </span>
    </p>
   </div>
   <div class='ocr_carea' id='block_1_21' title="bbox 851 1243 1360 1698">
    <p class='ocr_par' dir='ltr' id='par_1_22' title="bbox 851 1243 1360 1698">
     <span class='ocr_line' id='line_1_65' title="bbox 868 1243 1340 1280; baseline 0.013 -7"><span class='ocrx_word' id='word_1_200' title='bbox 868 1243 898 1274; x_wconf 85' lang='lat'><strong>3.</strong></span> <span class='ocrx_word' id='word_1_201' title='bbox 927 1244 1015 1275; x_wconf 85' lang='lat' dir='ltr'>Inter</span> <span class='ocrx_word' id='word_1_202' title='bbox 1037 1253 1114 1276; x_wconf 86' lang='lat' dir='ltr'>saxa</span> <span class='ocrx_word' id='word_1_203' title='bbox 1137 1247 1244 1277; x_wconf 88' lang='lat' dir='ltr'>statim</span> <span class='ocrx_word' id='word_1_204' title='bbox 1271 1248 1340 1280; x_wconf 88' lang='lat' dir='ltr'>dira</span> 
     </span>
     <span class='ocr_line' id='line_1_66' title="bbox 974 1291 1280 1325; baseline 0.016 -5"><span class='ocrx_word' id='word_1_205' title='bbox 974 1292 1005 1321; x_wconf 92' lang='lat' dir='ltr'>et</span> <span class='ocrx_word' id='word_1_206' title='bbox 1026 1291 1090 1322; x_wconf 88' lang='lat' dir='ltr'>tela</span> <span class='ocrx_word' id='word_1_207' title='bbox 1113 1292 1280 1325; x_wconf 85' lang='lat' dir='ltr'>stridentia</span> 
     </span>
     <span class='ocr_line' id='line_1_67' title="bbox 923 1335 1258 1377; baseline 0.012 -10"><span class='ocrx_word' id='word_1_208' title='bbox 923 1336 963 1367; x_wconf 88' lang='lat' dir='ltr'>In</span> <span class='ocrx_word' id='word_1_209' title='bbox 986 1335 1087 1376; x_wconf 88' lang='lat' dir='ltr'>figura</span> <span class='ocrx_word' id='word_1_210' title='bbox 1110 1339 1258 1377; x_wconf 87' lang='lat' dir='ltr'>patientis</span> 
     </span>
     <span class='ocr_line' id='line_1_68' title="bbox 969 1383 1331 1418; baseline 0.014 -5"><span class='ocrx_word' id='word_1_211' title='bbox 969 1383 1041 1414; x_wconf 89' lang='lat' dir='ltr'>Iesu</span> <span class='ocrx_word' id='word_1_212' title='bbox 1067 1383 1180 1416; x_wconf 82' lang='lat' dir='ltr'>Christi</span> <span class='ocrx_word' id='word_1_213' title='bbox 1205 1386 1331 1418; x_wconf 92' lang='lat' dir='ltr'>Domini</span> 
     </span>
     <span class='ocr_line' id='line_1_69' title="bbox 923 1428 1249 1468; baseline 0.012 -9"><span class='ocrx_word' id='word_1_214' title='bbox 923 1428 1109 1468; x_wconf 86' lang='lat' dir='ltr'>Porrigebat</span> <span class='ocrx_word' id='word_1_215' title='bbox 1132 1431 1249 1463; x_wconf 88' lang='lat' dir='ltr'>sitienti</span> 
     </span>
     <span class='ocr_line' id='line_1_70' title="bbox 968 1477 1343 1520; baseline 0.016 -15"><span class='ocrx_word' id='word_1_216' title='bbox 968 1478 1075 1508; x_wconf 87' lang='lat' dir='ltr'>sancto</span> <span class='ocrx_word' id='word_1_217' title='bbox 1100 1477 1165 1517; x_wconf 84' lang='lat' dir='ltr'>regi</span> <span class='ocrx_word' id='word_1_218' title='bbox 1189 1480 1343 1520; x_wconf 85' lang='lat' dir='ltr'>poculum,</span> 
     </span>
     <span class='ocr_line' id='line_1_71' title="bbox 851 1520 1351 1564; baseline 0.012 -12"><span class='ocrx_word' id='word_1_219' title='bbox 851 1522 889 1553; x_wconf 89' lang='lat' dir='ltr'>V.</span> <span class='ocrx_word' id='word_1_220' title='bbox 918 1520 1054 1561; x_wconf 86' lang='lat' dir='ltr'>Cumque</span> <span class='ocrx_word' id='word_1_221' title='bbox 1077 1523 1148 1562; x_wconf 87' lang='lat' dir='ltr'>pius</span> <span class='ocrx_word' id='word_1_222' title='bbox 1172 1528 1351 1564; x_wconf 80' lang='lat' dir='ltr'>gustaturus</span> 
     </span>
     <span class='ocr_line' id='line_1_72' title="bbox 969 1569 1319 1613; baseline 0.014 -14"><span class='ocrx_word' id='word_1_223' title='bbox 969 1569 1143 1608; x_wconf 88' lang='lat' dir='ltr'>excepisset</span> <span class='ocrx_word' id='word_1_224' title='bbox 1166 1572 1319 1613; x_wconf 87' lang='lat' dir='ltr'>manibus,</span> 
     </span>
     <span class='ocr_line' id='line_1_73' title="bbox 920 1614 1360 1651; baseline 0.014 -6"><span class='ocrx_word' id='word_1_225' title='bbox 920 1614 996 1646; x_wconf 84' lang='lat' dir='ltr'>Mox</span> <span class='ocrx_word' id='word_1_226' title='bbox 1019 1623 1166 1648; x_wconf 83' lang='lat' dir='ltr'>excussus</span> <span class='ocrx_word' id='word_1_227' title='bbox 1192 1618 1360 1651; x_wconf 86' lang='lat' dir='ltr'>decidebat</span> 
     </span>
     <span class='ocr_line' id='line_1_74' title="bbox 966 1662 1292 1698; baseline 0.015 -6"><span class='ocrx_word' id='word_1_228' title='bbox 966 1662 1144 1694; x_wconf 89' lang='lat' dir='ltr'>lancearum</span> <span class='ocrx_word' id='word_1_229' title='bbox 1168 1664 1292 1698; x_wconf 92' lang='lat' dir='ltr'>ictibus.</span> 
     </span>
    </p>
   </div>
   <div class='ocr_carea' id='block_1_22' title="bbox 974 1784 1328 1821">
    <p class='ocr_par' dir='ltr' id='par_1_23' title="bbox 974 1784 1328 1821">
     <span class='ocr_line' id='line_1_75' title="bbox 974 1784 1328 1821; baseline 0.014 -6"><span class='ocrx_word' id='word_1_230' title='bbox 974 1784 1019 1815; x_wconf 91' lang='lat' dir='ltr'>In</span> <span class='ocrx_word' id='word_1_231' title='bbox 1045 1785 1075 1817; x_wconf 88' lang='lat'><strong>3.</strong></span> <span class='ocrx_word' id='word_1_232' title='bbox 1102 1784 1328 1821; x_wconf 82' lang='lat' dir='ltr'>Nocturno.</span> 
     </span>
    </p>
   </div>
   <div class='ocr_carea' id='block_1_23' title="bbox 1059 1857 1254 1893">
    <p class='ocr_par' dir='ltr' id='par_1_24' title="bbox 1059 1857 1254 1893">
     <span class='ocr_line' id='line_1_76' title="bbox 1059 1857 1254 1893; baseline 0.015 -9"><span class='ocrx_word' id='word_1_233' title='bbox 1059 1857 1254 1893; x_wconf 76' lang='lat' dir='ltr'>Antiphonae.</span> 
     </span>
    </p>
   </div>
   <div class='ocr_carea' id='block_1_24' title="bbox 858 1911 1345 2006">
    <p class='ocr_par' dir='ltr' id='par_1_25' title="bbox 858 1911 1333 2003">
     <span class='ocr_line' id='line_1_77' title="bbox 858 1911 1313 1970; baseline 0.015 -28"><span class='ocrx_word' id='word_1_234' title='bbox 858 1911 888 1944; x_wconf 89' lang='lat'><strong>1.</strong></span> <span class='ocrx_word' id='word_1_235' title='bbox 915 1912 1056 1944; x_wconf 84' lang='lat' dir='ltr'>Protexit</span> <span class='ocrx_word' id='word_1_236' title='bbox 1078 1916 1313 1970; x_wconf 83' lang='lat' dir='ltr'>malignantium</span> 
     </span>
     <span class='ocr_line' id='line_1_78' title="bbox 909 1958 1345 2006; baseline 0.017 -17"><span class='ocrx_word' id='word_1_237' title='bbox 909 1958 940 1989; x_wconf 92' lang='lat' dir='ltr'>A</span> <span class='ocrx_word' id='word_1_238' title='bbox 964 1963 1117 1992; x_wconf 89' lang='lat' dir='ltr'>conventu</span> <span class='ocrx_word' id='word_1_239' title='bbox 1140 1962 1225 1994; x_wconf 90' lang='lat' dir='ltr'>Deus</span> <span class='ocrx_word' id='word_1_240' title='bbox 1249 1964 1345 2006; x_wconf 89' lang='lat' dir='ltr'>pium,</span> 
     </span>
    </p>
   </div>
   <div class='ocr_carea' id='block_1_25' title="bbox 911 2005 1358 2093">
    <p class='ocr_par' dir='ltr' id='par_1_26' title="bbox 911 2005 1358 2089">
     <span class='ocr_line' id='line_1_79' title="bbox 913 2005 1358 2061; baseline 0.02 -26"><span class='ocrx_word' id='word_1_241' title='bbox 913 2005 992 2043; x_wconf 80' lang='lat' dir='ltr'>Quia</span> <span class='ocrx_word' id='word_1_242' title='bbox 1015 2006 1145 2061; x_wconf 87' lang='lat' dir='ltr'>linguas</span> <span class='ocrx_word' id='word_1_243' title='bbox 1162 2012 1197 2040; x_wconf 92' lang='lat' dir='ltr'>ut</span> <span class='ocrx_word' id='word_1_244' title='bbox 1219 2011 1358 2050; x_wconf 85' lang='lat' dir='ltr'>gladium</span> 
     </span>
     <span class='ocr_line' id='line_1_80' title="bbox 911 2052 1305 2093; baseline 0.018 -10"><span class='ocrx_word' id='word_1_245' title='bbox 911 2052 1114 2086; x_wconf 86' lang='lat' dir='ltr'>Exacuerunt</span> <span class='ocrx_word' id='word_1_246' title='bbox 1136 2055 1169 2087; x_wconf 91' lang='lat' dir='ltr'>in</span> <span class='ocrx_word' id='word_1_247' title='bbox 1193 2057 1305 2093; x_wconf 84' lang='grc'>1)011111</span> 
     </span>
    </p>
   </div>
   <div class='ocr_carea' id='block_1_26' title="bbox 854 2118 1390 2298">
    <p class='ocr_par' dir='ltr' id='par_1_27' title="bbox 854 2118 1390 2297">
     <span class='ocr_line' id='line_1_81' title="bbox 854 2118 1343 2163; baseline 0.018 -15"><span class='ocrx_word' id='word_1_248' title='bbox 854 2118 885 2149; x_wconf 84' lang='grc'>2.</span> <span class='ocrx_word' id='word_1_249' title='bbox 913 2118 967 2157; x_wconf 88' lang='lat' dir='ltr'>Te,</span> <span class='ocrx_word' id='word_1_250' title='bbox 994 2118 1089 2163; x_wconf 91' lang='lat' dir='ltr'>Deus,</span> <span class='ocrx_word' id='word_1_251' title='bbox 1120 2123 1219 2154; x_wconf 88' lang='lat' dir='ltr'>omnis</span> <span class='ocrx_word' id='word_1_252' title='bbox 1244 2124 1343 2163; x_wconf 89' lang='lat' dir='ltr'>gloria</span> 
     </span>
     <span class='ocr_line' id='line_1_82' title="bbox 910 2165 1349 2212; baseline 0.021 -17"><span class='ocrx_word' id='word_1_253' title='bbox 910 2165 971 2196; x_wconf 89' lang='lat' dir='ltr'>Per</span> <span class='ocrx_word' id='word_1_254' title='bbox 992 2167 1096 2199; x_wconf 86' lang='lat' dir='ltr'>saecla</span> <span class='ocrx_word' id='word_1_255' title='bbox 1122 2169 1212 2201; x_wconf 90' lang='lat' dir='ltr'>decet</span> <span class='ocrx_word' id='word_1_256' title='bbox 1237 2172 1349 2212; x_wconf 89' lang='lat' dir='ltr'>omnia,</span> 
     </span>
     <span class='ocr_line' id='line_1_83' title="bbox 908 2211 1390 2252; baseline 0.023 -11"><span class='ocrx_word' id='word_1_257' title='bbox 908 2211 1004 2249; x_wconf 77' lang='lat' dir='ltr'>Quem</span> <span class='ocrx_word' id='word_1_258' title='bbox 1028 2217 1154 2247; x_wconf 89' lang='lat' dir='ltr'>sanctus</span> <span class='ocrx_word' id='word_1_259' title='bbox 1178 2217 1210 2248; x_wconf 92' lang='lat' dir='ltr'>in</span> <span class='ocrx_word' id='word_1_260' title='bbox 1235 2219 1390 2252; x_wconf 86' lang='lat' dir='ltr'>aethereis</span> 
     </span>
     <span class='ocr_line' id='line_1_84' title="bbox 907 2258 1310 2298; baseline 0.023 -10"><span class='ocrx_word' id='word_1_261' title='bbox 907 2258 1051 2291; x_wconf 86' lang='lat' dir='ltr'>Kanutus</span> <span class='ocrx_word' id='word_1_262' title='bbox 1074 2261 1185 2295; x_wconf 86' lang='lat' dir='ltr'>laudat</span> <span class='ocrx_word' id='word_1_263' title='bbox 1209 2265 1310 2298; x_wconf 91' lang='lat' dir='ltr'>atriis.</span> 
     </span>
    </p>
   </div>
   <div class='ocr_carea' id='block_1_27' title="bbox 848 2323 1376 2419">
    <p class='ocr_par' dir='ltr' id='par_1_28' title="bbox 848 2323 1376 2419">
     <span class='ocr_line' id='line_1_85' title="bbox 848 2323 1376 2370; baseline 0.017 -15"><span class='ocrx_word' id='word_1_264' title='bbox 848 2324 880 2356; x_wconf 87' lang='lat'><strong>3.</strong></span> <span class='ocrx_word' id='word_1_265' title='bbox 906 2323 977 2356; x_wconf 92' lang='lat' dir='ltr'>Tibi</span> <span class='ocrx_word' id='word_1_266' title='bbox 1002 2335 1135 2367; x_wconf 89' lang='lat' dir='ltr'>namque</span> <span class='ocrx_word' id='word_1_267' title='bbox 1159 2338 1215 2361; x_wconf 86' lang='lat' dir='ltr'>rex</span> <span class='ocrx_word' id='word_1_268' title='bbox 1239 2332 1376 2370; x_wconf 88' lang='lat' dir='ltr'>psallere</span> 
     </span>
     <span class='ocr_line' id='line_1_86' title="bbox 906 2370 1337 2419; baseline 0.021 -18"><span class='ocrx_word' id='word_1_269' title='bbox 906 2370 1026 2404; x_wconf 91' lang='lat' dir='ltr'>Bonum</span> <span class='ocrx_word' id='word_1_270' title='bbox 1052 2377 1154 2407; x_wconf 85' lang='lat' dir='ltr'>exstat</span> <span class='ocrx_word' id='word_1_271' title='bbox 1178 2377 1337 2419; x_wconf 88' lang='lat' dir='ltr'>altissime,</span> 
     </span>
    </p>
   </div>
   <div class='ocr_carea' id='block_1_28' title="bbox 1225 2429 1284 2459">
    <p class='ocr_par' dir='ltr' id='par_1_29' title="bbox 1225 2429 1284 2459">
     <span class='ocr_line' id='line_1_87' title="bbox 1225 2429 1284 2459; baseline 0.034 -1"><span class='ocrx_word' id='word_1_272' title='bbox 1225 2429 1284 2459; x_wconf 84' lang='lat'>13*</span> 
     </span>
    </p>
   </div>
  </div>
 </body>
</html>
