1650 2542
786 123 1016 157 —90-

262 210 309 237 An
332 211 424 238 dieser
449 211 539 239 Stelle
563 213 686 240 schaltet
708 214 731 240 B
756 214 830 241 noch
857 215 903 242 <lie
922 216 1074 252 folgenden
1094 215 1141 244 ΑΑ
1167 219 1221 254 „ad
1242 222 1379 255 utrasque
1397 221 1541 256 Vesperas

266 250 295 274 et
313 248 350 274 acl
368 247 500 276 Laudes‘⁴
521 251 581 277 ein:

275 300 299 329 1.
320 300 506 338 Congaudeat
524 306 645 333 ecclesia

315 340 449 376 Hedwigi
469 341 554 368 claris
572 344 698 376 vocibus,

317 377 408 409 Quam
428 380 576 405 coronavit
596 380 690 415 gloria

317 412 445 441 Christus
464 416 495 441 in
515 416 587 442 caeli
607 417 731 443 sedibus.

268 456 295 485 2.
315 460 350 486 In
370 461 528 495 exemplum
548 464 592 487 est
609 464 704 496 posita

313 495 466 524 Nobilibus
485 497 558 523 haec
575 499 690 533 nobilis,

313 534 387 560 Nam
406 534 501 560 univit
519 536 646 569 seposita

311 570 401 596 Facta
420 570 499 597 dives
518 573 547 597 et
564 571 689 599 humilis.

265 612 291 641 3.
311 616 392 642 Haec
410 618 575 651 temperatis
595 619 722 646 moribus

309 652 369 679 Nec
387 661 446 679 non
464 654 585 688 placidis
607 657 723 689 exstitit,

311 689 402 716 Valde
421 690 502 725 larga
520 693 695 727 pauperibus

309 726 512 761 Voluptatibus
531 730 644 756 restitit.

254 781 324 807 Dies
344 782 383 807 ist
401 781 450 808 der
468 783 551 809 Anal.
571 784 620 817 IV,
640 786 689 813 Nr.
709 785 763 814 266
782 789 951 824 mitgeteilte
969 791 1111 825 Hymnus.
1151 794 1232 821 Noeh
1251 796 1292 821 ist
1309 804 1346 822 zu
1365 796 1529 829 bemerken,

256 817 317 844 dass
337 818 364 844 D
383 819 413 844 in
434 819 483 845 der
504 818 527 846 l.
547 821 605 848 und
625 820 651 849 2.
671 825 800 851 Nectum
823 827 972 855 samtliche
990 828 1030 853 ΑΑ
1051 829 1114 856 dem
1134 830 1213 857 Offie.
1232 832 1357 859 Laetare
1378 833 1531 861 Germania

253 855 381 882 entlehnt
399 857 452 882 mit
469 856 633 886 Ausnahme
652 860 702 887 der
720 861 837 896 letzten,
864 865 953 891 sowie
972 865 1033 893 dass
1054 866 1104 893 das
1123 876 1215 903 ganze
1234 868 1366 896 Officium
1394 871 1456 897 sich
1480 871 1530 898 der

251 892 437 926 Hauptsaehe
454 893 528 920 nach
548 903 600 922 aus
612 896 835 934 Entlehnungon
855 909 906 928 aus
926 902 979 929 den
1000 903 1103 930 beiden
1116 905 1367 940 vorhergehenden
1380 907 1530 936 Historiae

250 932 494 956 zusammunsetzt.
514 945 550 949 —
569 933 703 967 Hymnen
722 936 753 961 in
775 936 798 962 1.
813 938 889 973 Vcsp

251 965 286 991 ad
307 963 457 1001 Complet.:
482 968 524 994 Te
543 969 624 996 (lecet
641 971 763 1006 hymnus
785 974 894 1009 gloriae

249 1004 402 1036 praeconia
413 1001 496 1037 (Ibid.
511 1003 584 1040 149ss
604 1007 647 1034 Ad
661 1009 800 1037 Tertiam:
821 1011 976 1040 Exsultent
988 1014 1074 1041 hodie
1086 1016 1192 1051 iugiter
1202 1019 1328 1044 omnium
1338 1017 1442 1052 (Morel
1452 1018 1526 1054 240).

934 307 961 335 4.
982 309 1073 337 Utens
1092 314 1244 347 perpaucis
1264 314 1377 348 poculis

980 347 1083 375 Fastus
1104 351 1230 384 corporis
1250 351 1366 385 mitigat

979 384 1020 410 Et
1039 393 1152 413 sursum
1171 387 1264 413 cordis
1284 388 1376 415 oculis

981 422 1084 449 Tensis
1104 423 1194 456 docet,
1216 432 1298 459 quem
1319 425 1430 461 diligat.

933 464 959 493 5.
978 467 1056 502 Vita,
1076 478 1179 504 mores,
1199 471 1340 497 miracula

976 504 1188 541 Exeellensque
1208 507 1322 534 devotio

977 542 1034 569 Pro
1056 541 1161 570 Christi
1181 544 1288 571 elamat
1304 545 1421 580 famula,

977 579 1059 611 Quod
1078 581 1118 607 sit
1136 588 1200 607 cum
1219 581 1275 608 Dei
1294 580 1363 609 filio.

930 621 955 650 6.
974 624 1103 658 Praesta,
1123 626 1211 660 Deus,
1233 629 1397 662 petentibus

974 662 1029 688 Per
1047 663 1197 699 Hedwigis
1218 665 1363 701 suffragia,

974 698 1015 725 Ut
1032 700 1064 725 in
1084 708 1182 727 eorum
1200 703 1345 729 mentibus

974 735 1038 762 'hia
1056 744 1114 763 non
1134 737 1209 764 desit
1228 740 1331 773 gratia.

905 947 911 963 :
934 939 1120 975 Congaudeat
1139 942 1260 970 eeclesia
1277 942 1370 977 (Anal.
1385 945 1434 972 IV.
1452 944 1526 981 146„

912 974 995 1009 (Ibid.
1019 975 1094 1012 150);
1120 979 1157 1005 ad
1176 980 1273 1007 Noct:
1299 981 1408 1008 Laudis
1428 984 1527 1010 tantae

674 1153 732 1184 ·31.
761 1154 804 1186 De
824 1158 930 1188 sancta
952 1158 1076 1189 Helena.

379 1235 421 1266 In
449 1236 479 1269 1.
506 1237 716 1277 Vesperis.

442 1326 632 1363 Antiphonae.

258 1391 287 1422 1.
313 1391 337 1422 O
363 1391 495 1424 clemens
518 1394 649 1435 Helena,

356 1437 415 1468 tibi
438 1442 510 1470 sunt
526 1440 599 1473 data
615 1443 729 1481 gaudia
744 1446 846 1485 plena.

255 1493 284 1523 2.
312 1492 336 1524 O
362 1493 494 1525 clemens
517 1496 646 1539 Helena,

355 1539 416 1569 iam
436 1535 539 1585 [sede]
557 1544 646 1574 sedes
663 1545 692 1575 in
708 1555 845 1579 amoena.

250 1594 280 1625 3.
307 1594 331 1625 O
357 1594 490 1626 clemens
513 1596 644 1638 Helena,

352 1642 384 1671 te
407 1650 481 1680 gens
506 1643 661 1676 collaudat
686 1655 790 1686 egena.

249 1695 280 1726 4.
307 1693 381 1734 Fac,
405 1696 539 1728 clemens
563 1698 693 1742 Helena,

352 1742 434 1779 quod
459 1747 558 1774 cesset
583 1745 687 1778 debita
710 1757 819 1787 poena.

250 1796 280 1827 5.
307 1795 331 1827 Ο
358 1796 490 1828 clemens
514 1800 644 1838 Helena,

351 1851 407 1873 nos
433 1844 493 1875 duc
515 1846 555 1877 ad
580 1855 675 1886 regna
699 1857 818 1884 serena.

418 1933 462 1961 Ad
481 1936 654 1972 Magnificat.

232 1996 271 2028 A.
301 1998 402 2040 Salve,
431 2000 523 2033 decus
546 2006 677 2045 patriae,

347 2045 471 2085 Martyr
494 2048 561 2080 Deo
585 2054 683 2092 grata,

298 2090 351 2121 Ad
374 2091 496 2124 laudem
522 2095 715 2137 Westgotiae

345 2137 480 2169 Caelitus
507 2141 629 2183 donata,

300 2181 408 2214 Coram
434 2193 506 2225 rege
530 2188 646 2226 gloriae

343 2229 445 2269 Digne
467 2232 529 2265 iam
553 2235 664 2278 locata,

293 2274 371 2307 Esto
396 2279 484 2317 regni
507 2279 636 2313 Sueciae

340 2322 428 2354 Mitis
452 2326 613 2360 advocata..

1037 1247 1096 1278 Ad
1119 1248 1386 1282 Matutinum.

1102 1339 1312 1367 Invitatorium.

974 1404 1092 1435 Assunt
1111 1405 1200 1437 nobis
1226 1403 1380 1449 (sanctae)

1018 1450 1158 1482 Helenae
1175 1453 1347 1494 sollemnia,

973 1496 1068 1537 Virgo
1097 1501 1196 1529 mater

1018 1543 1129 1575 iubilet,
1152 1546 1293 1577 ecclesia.

1027 1664 1072 1695 In
1099 1664 1130 1696 1.
1156 1664 1383 1700 Nocturno.

1111 1746 1302 1783 Antiphonae.

912 1809 942 1841 1.
970 1810 1134 1851 Postquam
1160 1813 1258 1846 hiems
1281 1817 1408 1847 transiit

1014 1857 1223 1901 Infidelitatis,

967 1903 1004 1935 In
1028 1904 1087 1936 hae
1110 1908 1196 1939 terra
1217 1909 1338 1947 prodiit

1011 1951 1095 1983 Rosa
1120 1955 1301 1986 venustatis.

909 2005 940 2036 2.
966 2004 1065 2038 Stella
1087 2017 1187 2040 novae
1210 2010 1331 2048 gratiae

1011 2052 1120 2085 Novae
1144 2055 1295 2087 claritatis

963 2097 1073 2129 Illuxit
1096 2100 1290 2141 Westgotiae

1010 2144 1112 2185 Signis
1139 2148 1369 2183 demonstratis.

905 2200 935 2231 3.
963 2200 1130 2240 Postquam
1153 2202 1233 2236 fides
1257 2206 1380 2246 patriae

1008 2247 1103 2279 Fines
1126 2250 1306 2294 illustravit,

960 2292 1059 2326 Stella
1082 2296 1180 2327 mitae
1199 2300 1318 2337 gratiae

1006 2339 1118 2372 Statim
1142 2344 1288 2382 radiavit.
