1650 2542
744 154 993 188 —264—

268 275 274 280 .
301 249 466 287 Postquam
490 248 653 287 Ludgerus

349 294 453 325 divino
478 302 604 325 munere
627 293 725 324 fretus

300 340 434 371 Umbras
459 340 605 371 silvarum

345 386 459 417 stravit.
480 385 677 423 latebrasque
693 383 842 425 ferarum⁷

299 432 471 463 Ecclesiam
495 431 612 467 statuit,

344 477 487 508 tenebras
511 476 565 507 ubi
589 477 657 506 luce
681 475 810 515 fugavit,

260 550 266 556 .
297 523 455 563 Quoniam
484 522 552 554 illio
583 522 750 553 mandavit
772 522 839 554 Do-

295 570 403 600 minus
410 569 654 599 benedictionem
664 570 691 599 et
700 568 840 606 requiem

298 615 326 646 ei
347 615 384 645 in
407 614 576 646 saeculum.

379 763 425 793 In
449 761 673 795 Laudibus,

444 843 564 878 Antiph<
570 851 637 870 rnae.

265 934 270 939 .
297 909 402 940 Armis
426 909 553 940 indutus

343 954 417 986 fidei
440 955 622 995 lumbosque
645 957 801 988 recinctus

292 1001 381 1032 Idola
401 1001 563 1041 Ludgerus

340 1048 461 1086 stravit,
487 1048 565 1078 lucis
589 1049 692 1079 incola
717 1057 819 1081 verus,

261 1125 267 1131 .
295 1102 409 1134 Sancta
432 1103 533 1141 patris
557 1104 673 1141 pietate

292 1149 394 1179 Ferae
418 1151 525 1179 carent
548 1148 684 1189 feritate,

292 1194 383 1225 Dona
406 1197 516 1234 patent
539 1199 662 1235 sumpta
684 1205 781 1235 prave

294 1239 408 1278 Sparso
432 1241 534 1274 melle,
560 1245 652 1280 rupto
677 1251 759 1274 vase.

259 1320 264 1325 .
291 1295 407 1327 Horam
434 1295 594 1335 Ludgerus

336 1342 444 1372 mortis
469 1351 676 1382 praenoscere
702 1345 811 1383 dignus

293 1387 438 1427 Corporis
464 1391 495 1418 et
517 1389 666 1428 requiem,

339 1433 500 1464 benedixit
524 1435 795 1473 cunctipotentem.

259 1513 264 1519 .
293 1488 570 1528 Consummatoque
594 1488 729 1522 feliciter

292 1535 468 1566 Praesentis
493 1535 577 1566 vitae
602 1536 717 1568 circulo

290 1580 387 1611 Beato
412 1581 531 1619 pariter
556 1585 585 1612 et
612 1583 726 1614 dudum

289 1627 402 1665 Optato
426 1628 559 1658 transitu

290 1672 420 1703 Sanctus
446 1673 607 1713 Ludgerus
632 1676 778 1714 migravit

288 1719 339 1749 Ad
360 1718 525 1750 Dominum
542 1721 644 1751 Iesum
664 1721 829 1754 Christum.

913 251 943 280 5.
969 248 1058 280 Beati
1083 248 1143 279 viri
1167 249 1279 280 merita

971 294 1037 325 Lux
1065 294 1237 326 declaravit
1262 295 1387 334 caelica,

969 340 1068 371 Nocte
1092 339 1213 380 fulgens
1238 342 1342 372 media

970 387 1045 418 Cum
1070 390 1177 418 sancto
1201 388 1279 427 petit
1305 388 1442 428 aethera,

967 434 1063 470 Quem
1087 442 1194 465 manus
1220 433 1282 464 fert
1305 433 1455 472 angelica.

968 478 1014 509 Sit
1041 479 1163 510 Christo
1189 481 1254 519 regi
1279 481 1388 518 gloria.

1081 561 1125 588 Ad
1146 561 1326 588 Benedictus.

928 631 934 637 .
965 607 1014 638 Ex
1039 609 1144 639 odoris

1011 654 1090 684 mira
1116 653 1283 694 fraglantia

966 700 1024 731 Dei
1046 700 1085 730 in.
1103 709 1194 731 servo
1218 709 1273 731 suo

1011 749 1136 777 ostensa
1160 749 1207 777 est
1229 747 1380 786 potentia,

966 792 1041 823 Cum
1065 796 1138 831 post
1161 793 1269 823 mortis

1011 839 1091 870 diem
1118 839 1305 870 tricesimum

964 885 1092 916 Nullum
1116 886 1215 916 sensit

1012 932 1219 970 corruptionis
1247 931 1426 971 vestigium;

963 977 1152 1008 Benedictus

1009 1023 1159 1055 Dominus
1183 1024 1215 1054 in
1240 1025 1373 1062 saecula,

962 1070 1020 1108 Qui
1044 1079 1140 1101 cornu
1168 1070 1215 1100 sui
1240 1069 1349 1101 famuli

1009 1118 1097 1146 tanta
1122 1116 1302 1148 sublimavit
1326 1117 1435 1155 gloria.

1025 1228 1069 1259 In
1095 1228 1125 1258 2.
1150 1226 1256 1265 Vesp
1269 1227 1363 1257 eris.

1075 1299 1120 1325 Ad
1141 1298 1316 1335 Magnificat.

923 1380 929 1386 .
962 1355 1076 1398 Sancte
1096 1356 1251 1398 Ludgere,

959 1401 1041 1432 Tuos
1066 1401 1199 1432 famulos

960 1448 1015 1478 Pio
1040 1451 1170 1487 precatu

958 1493 1008 1524 Ab
1034 1495 1116 1525 omni
1141 1495 1235 1533 culpa

1003 1540 1150 1572 Emunda

959 1586 1185 1618 Commendans

958 1632 1025 1663 Deo
1051 1634 1238 1665 caelestium.

959 1678 1003 1709 Ut
1027 1682 1185 1711 consortes
1209 1678 1307 1711 faciat

1006 1724 1206 1756 Gaudiorum.

293 1801 376 1827 Brev.
402 1809 455 1827 ms.
481 1802 709 1830 Monasteriense
729 1812 802 1831 saec.
834 1803 875 1832 15.
914 1806 980 1833 cccl.
1008 1807 1211 1835 Monasterien.
1232 1806 1285 1835 201
1306 1807 1389 1844 (204).
1411 1810 1445 1837 A.
1467 1825 1503 1829 —

606 1961 731 1997 Ludgeri
751 1962 877 1990 celebria

607 1998 699 2025 Corde
717 1999 820 2026 devoto

221 1837 302 1863 Brev.
330 1846 380 1864 ms.
406 1838 634 1866 Monasterlense
658 1841 727 1876 imp.
755 1850 776 1868 s.
803 1842 821 1868 1.
852 1841 930 1869 14ὶ59.
952 1844 982 1870 Β.
1008 1858 1045 1861 -
1072 1844 1155 1871 Brev.
1181 1845 1410 1874 Monasteriense
1431 1849 1502 1883 imp.

216 1874 338 1901 Parisiis
359 1872 439 1902 1518.
461 1875 491 1903 C.
513 1889 548 1893 —
568 1876 609 1902 In
632 1875 655 1904 1.
670 1878 771 1913 Vesp.
793 1879 885 1914 Super
904 1880 951 1907 Ps.
973 1879 995 1905 Α
1009 1881 1136 1908 Gloriosi
1150 1883 1322 1909 confessoris
1346 1887 1403 1911 etc.
1419 1886 1451 1911 A.

217 1911 259 1937 Ad
279 1911 375 1947 Magn.
397 1910 418 1937 Α
438 1913 469 1938 in
487 1912 531 1939 A:

610 2035 791 2063 Celebremus
813 2037 972 2072 sollemnia,

610 2072 699 2104 Quem
719 2073 861 2101 Dominus
883 2077 1021 2103 virtutum

609 2108 691 2136 Stola
709 2111 935 2139 immortalitatis
955 2114 1087 2141 indutum

609 2146 689 2173 Inter
708 2148 860 2175 caelicolas
879 2149 965 2177 hodie

610 2181 785 2211 sublimavit
802 2185 920 2220 gloriae,

606 2219 695 2247 Cuius
714 2229 766 2248 nos
787 2222 916 2250 salvifica

607 2256 719 2284 Christo
740 2260 938 2287 commendent
956 2263 1126 2296 patrocinia.

215 2299 256 2326 In
278 2298 301 2325 1.
322 2300 424 2327 Noct.
446 2298 465 2325 R
488 2299 518 2336 1,
542 2300 555 2327 1
577 2301 698 2330 Sanetus
718 2305 867 2341 Ludgerus
889 2307 919 2334 C.
939 2323 975 2327 —
996 2309 1034 2335 In
1054 2306 1079 2334 2.
1104 2309 1200 2337 Noct.
1223 2307 1243 2335 Β
1267 2309 1298 2345 1,
1321 2311 1335 2339 1
1356 2315 1431 2341 Dum
1454 2315 1496 2342 lu-

213 2337 351 2401 }exrnglrg.
377 2352 410 2356 —
429 2338 469 2364 In
493 2338 604 2366 Laud.
626 2338 647 2365 Α
668 2338 700 2374 2,
729 2339 747 2368 3
767 2346 878 2378 sumpto
899 2345 933 2370 A.
953 2361 990 2365 —
1009 2346 1104 2373 Hiezu
1128 2346 1178 2373 der
1196 2347 1330 2381 Hymnus
1350 2351 1433 2379 Anal.
1454 2353 1498 2380 XI
