1650 2542
759 129 920 163 —228
970 149 1011 153 —

383 224 428 255 In
454 223 483 255 1.
510 223 734 254 Nocturno.

466 305 654 339 Antiphonae.

293 384 300 391 .
326 360 388 391 Hic
410 361 524 399 iniquis
549 369 611 391 non
636 357 799 396 consensit,

325 409 458 443 Quorum
479 406 559 437 viam
578 405 649 436 dum
668 403 861 442 contempsit,

325 452 440 484 Christi
464 452 534 490 iugo
559 459 593 481 se
616 449 749 481 subiecit,

323 497 374 538 Et,
401 505 479 536 quae
502 497 568 528 Deo
593 497 727 535 placent,
754 494 829 526 fecit

324 543 499 584 Operando,
526 543 689 581 cogitando

321 588 365 620 Et
389 589 560 620 doctrinam
584 589 668 620 vitae
694 588 806 620 dando.

293 667 299 674 .
325 643 392 675 Rex
417 653 435 674 a
460 644 583 676 Christo
609 643 793 674 constitutus

322 689 381 721 Est
405 689 443 720 ab
468 690 536 728 ipso
563 691 753 727 consecutus,

323 736 411 774 Quod
436 736 551 767 virtute
574 735 610 767 fit,
632 736 759 766 indutus

324 782 364 813 Et
388 782 420 813 in
442 785 546 813 monte
569 785 676 813 saneto
698 784 792 814 tutus.

291 862 298 869 .
323 836 390 867 Tua
415 836 556 868 Christus
581 839 629 867 est
651 836 761 877 gloria,

324 881 413 913 Salus
438 885 470 913 et
493 883 633 921 victoria,

319 928 393 966 Ipse
416 931 486 959 tuus
511 931 558 960 est
581 931 752 967 susceptor,

322 974 410 1005 Idem
435 977 542 1006 noster
564 975 607 1005 sit
629 977 797 1013 protector.

452 1065 655 1100 Responsoria.

291 1144 298 1151 .
324 1119 463 1151 Edoetus
489 1121 617 1159 spiritus
641 1120 739 1151 sancti
764 1120 863 1158 gratia

325 1166 439 1197 Beatus
464 1175 520 1198 rex
543 1166 709 1198 Ladislaus

324 1212 454 1242 Ruentis
477 1213 584 1243 mundi
609 1213 738 1252 gloriam

324 1257 450 1296 Sprevit
471 1261 506 1289 ut
528 1259 750 1297 transitoriam,

325 1303 453 1335 Secutus
479 1307 526 1335 est
546 1305 704 1346 iustitiam,

325 1349 383 1387 Qui
407 1358 463 1388 pro
488 1350 605 1381 Christi
628 1351 729 1389 gratia

326 1395 457 1425 Perenni
481 1396 596 1434 gaudet
619 1396 726 1435 gloria.

287 1466 294 1472 .
321 1441 473 1472 Mundum
498 1442 556 1472 sibi
581 1442 831 1480 blandimentem,

325 1486 401 1518 Suos
431 1496 550 1526 quoque
573 1488 768 1519 seducentem

327 1532 557 1565 Contemnendo
581 1535 740 1573 superavit

326 1578 367 1610 Et
390 1588 424 1610 se
449 1579 571 1611 Christo
592 1581 790 1619 mancipavit.

292 1658 298 1664 .
326 1633 486 1665 Diuturnis
511 1635 647 1666 excubiis

322 1679 479 1711 Instanter
502 1680 535 1711 in
560 1681 698 1713 ecclesiis

370 1725 470 1756 Deum
492 1726 686 1767 obsecrabat,

327 1771 465 1812 Ieiuniis,
491 1773 605 1811 vigiliis

372 1818 503 1849 Carnem
521 1819 707 1857 macerabat,

370 1863 508 1894 Mentem
532 1865 699 1898 roborabat

285 1934 294 1942 .
321 1909 366 1941 Ut
389 1909 477 1941 Isaac
502 1911 606 1942 exiens
630 1912 661 1943 in
687 1922 792 1953 agrum

368 1957 588 1999 meditabatur,

323 2001 404 2032 Dum
431 2003 554 2034 divinae
577 2004 769 2037 celsitudinis

371 2049 505 2087 speciem
531 2051 806 2089 contemplabatur.

290 2125 298 2134 .
324 2103 361 2133 In
384 2103 560 2135 iudicandis

324 2148 367 2179 Et
388 2150 600 2182 examinandis

327 2195 434 2227 Causis
459 2205 520 2227 non
544 2196 682 2235 potentia

325 2240 387 2272 Sed
411 2242 578 2280 prudentia

323 2286 528 2328 Decernebat,

324 2333 430 2374 Rigori
454 2335 590 2368 iustitiae

988 220 1227 252 Misericordiae

988 266 1163 298 Lenitatem
1189 266 1397 306 praeferebat.

952 338 957 344 .
986 312 1148 345 Discretus
1171 313 1205 344 in
1229 313 1361 352 eloquio,

988 358 1083 390 Utilis
1107 360 1139 391 in
1163 360 1297 398 silentio,

990 406 1104 438 Cautus
1128 406 1160 437 in
1186 406 1325 438 consilio.

1052 524 1097 556 In
1122 527 1153 558 2.
1179 525 1402 556 Noeturno.

1128 607 1320 642 Antiphonae.

956 687 962 694 .
989 664 1189 695 invocantem
1215 663 1383 700 exaudivit,

989 710 1026 741 In
1053 709 1200 740 dilectum
1225 717 1313 748 quem
1341 710 1459 741 adcivit

990 755 1056 787 Sibi
1082 754 1233 793 Christus,
1262 756 1309 786 cui
1336 756 1463 787 donavit

991 801 1148 832 Summum
1162 801 1284 839 bonum,
1305 802 1387 840 quod
1401 803 1531 842 optavit.

958 881 965 888 .
993 857 1086 888 Scuto
1112 856 1211 888 bonae
1235 857 1413 899 voluntatis,

988 902 1077 934 Dono
1102 904 1173 933 tuae
1198 902 1323 942 pietatis

985 949 1101 988 Ipsum,
1128 949 1260 991 Christe,
1284 951 1450 988 coronasti,

987 996 1083 1034 Quem
1105 995 1145 1026 ad
1171 995 1290 1026 caelum
1313 996 1495 1029 sublevasti.

954 1074 961 1081 .
987 1049 1184 1081 Admirabile

985 1096 1026 1127 Et
1053 1095 1210 1127 ineffabile

988 1143 1048 1174 Est
1071 1150 1183 1173 nomen
1207 1145 1304 1181 tuum,
1329 1142 1472 1186 Domine,

989 1188 1068 1219 Nam
1095 1189 1127 1219 in
1150 1191 1202 1219 tuo
1228 1189 1351 1219 nomine

988 1234 1120 1265 Sanctus
1144 1234 1203 1264 iste
1228 1243 1380 1274 prospere

988 1279 1134 1311 Sublimis
1156 1280 1189 1311 in
1214 1281 1340 1312 aethere

986 1326 1100 1357 Tecum
1124 1326 1241 1365 gaudet
1265 1327 1381 1359 vivere.

1128 1399 1330 1433 Responsoria.

955 1480 962 1487 .
988 1454 1026 1485 In
1050 1454 1244 1485 naturalibus
1271 1455 1360 1486 bonis

988 1499 1202 1540 Gratuitisque
1226 1502 1315 1532 donis

987 1547 1094 1585 Ipsum
1114 1551 1228 1578 natura

989 1592 1210 1632 Praerogativa

990 1638 1194 1679 Praetulerat,

988 1685 1083 1723 Quem
1111 1685 1240 1716 dederat

989 1730 1056 1761 Sibi
1080 1732 1228 1771 valorem,

989 1776 1114 1808 Cunctis
1138 1778 1316 1818 meliorem3

949 1849 956 1856 .
987 1823 1129 1855 Ladislai
1152 1825 1272 1863 species

989 1869 1091 1909 Digna
1115 1869 1174 1901 fuit
1198 1871 1339 1910 imperio,

991 1916 1176 1948 Veneranda
1200 1916 1295 1949 facies

987 1963 1178 2002 Angelorum
1197 1964 1362 1996 consortio.

954 2044 961 2051 .
987 2018 1079 2049 Hunc
1105 2018 1277 2050 circumdat
1301 2020 1417 2051 veritas

987 2064 1031 2095 Et
1051 2065 1274 2103 misericordia,

988 2111 1152 2143 Oseulatur
1176 2111 1290 2143 caritas

988 2156 1086 2188 Simul
1111 2165 1179 2187 cum
1204 2158 1335 2199 iustitia,

988 2203 1049 2233 Per
1072 2203 1155 2233 hunc
1179 2204 1219 2236 ad
1244 2207 1407 2238 terrestria

988 2249 1155 2287 Prospexit
1178 2249 1354 2290 benignitas

987 2295 1031 2326 Et
1056 2295 1137 2326 dona
1160 2297 1307 2329 caelestia

988 2340 1087 2372 Nobis
1114 2342 1202 2374 dedit,
1225 2344 1348 2385 deitas,
