1650 2542
743 171 788 176 —
835 146 903 185 248

896 244 933 274 V.
962 244 1089 275 Timens
1112 243 1215 282 ignem
1240 241 1431 283 cupidi-tatis,

360 249 405 281 Iu
430 250 461 282 3.
483 248 541 279 No
552 251 669 280 cturn
679 255 707 278 0.

439 311 632 347 Anfiphonae.

243 371 260 402 1
267 395 274 401 .
298 369 501 401 Leonhardus
525 367 676 398 habitavit

297 417 336 448 In
362 416 495 451 deserto,
521 421 611 451 quem
635 412 761 452 amavit,

300 461 402 493 Corde
426 467 577 498 quaerens
599 458 773 496 impolluto,

298 507 362 538 Sub
396 506 481 536 cuius
502 503 717 542 triumphabat
739 506 838 534 scuto.

266 586 274 593 .
298 561 402 592 Vitam
424 560 516 598 petiit
538 559 768 599 sempiternam,

298 607 359 638 Pro
383 615 444 645 qua
467 606 563 636 eremi
585 605 638 636 hic
662 613 823 636 cavernam

297 652 400 685 Subiit
425 660 493 682 cmn
515 650 614 682 fi-atre
638 650 800 689 Liphardo

300 698 403 730 Saecli
426 700 532 737 spreto
556 697 681 736 gaudio.

265 780 273 787 .
297 754 359 785 Hic
383 753 504 792 accepit
526 754 658 791 gratiam

297 802 327 831 A
350 799 483 831 Domino
506 799 727 838 sempiternam

299 847 375 878 Cum
392 846 515 878 Christo
539 853 672 884 regnans
690 845 724 875 in
740 845 839 883 gloria

298 892 498 923 Saeculorum
523 891 657 923 saecula.

430 968 632 1003 Responsoria.

269 1047 276 1053 .
299 1020 412 1051 Sancte
435 1023 526 1059 pater
551 1020 736 1051 Leonharde

299 1066 343 1097 Et
368 1065 527 1097 confessor
551 1066 737 1105 venerande,

297 1112 346 1143 Tu
368 1120 427 1150 pro
449 1111 540 1142 nobis
563 1112 733 1153 intercede,

297 1157 347 1188 Xe
371 1158 559 1196 damnemur,
582 1160 637 1188 tua
658 1159 812 1198 mercede,

296 1204 339 1235 Et
362 1207 397 1234 ut
419 1206 528 1234 nostra²
550 1204 730 1242 peccamina

298 1249 447 1281 CaeIestis
472 1249 575 1280 deleat
597 1250 762 1292 medicina,

258 1322 265 1327 .
296 1296 354 1333 Qui
376 1304 434 1334 pro
457 1295 581 1326 nomine
602 1296 675 1326 Iesu
699 1296 816 1328 Christi

297 1341 463 1372 Desertum
486 1341 587 1372 locum
608 1342 740 1380 subiisti,

296 1387 362 1417 Tuo
385 1387 475 1417 nobis
498 1388 676 1425 precamine

297 1433 443 1472 Digneris
464 1441 548 1463 nunc
570 1442 762 1466 succurrere.

263 1513 271 1520 .
295 1488 499 1519 Leonhardus
521 1497 578 1519 vas
602 1489 746 1520 solidum.

296 1534 359 1565 Vas
382 1543 457 1564 auro
481 1534 666 1565 adornatum

297 1580 387 1612 Omni
408 1580 515 1618 lapide
538 1581 686 1621 pretioso,

296 1626 410 1658 Rivum
425 1626 508 1657 vitae
523 1627 694 1667 propinans
709 1628 836 1666 populo,

297 1672 384 1703 Stola
407 1680 441 1702 se
466 1672 561 1702 cinxit
584 1673 704 1712 gloriae

296 1719 334 1750 111
357 1719 507 1749 virtutum
530 1719 773 1760 perpetratione,

227 1764 264 1795 V.
293 1765 339 1797 Ut
362 1763 510 1803 effulgens

343 1813 391 1841 est
414 1809 539 1841 effectus
561 1810 642 1849 ignis

295 1856 339 1888 Et
361 1859 396 1888 ut
419 1856 564 1887 redolens

342 1906 392 1933 tus
414 1903 449 1933 in
472 1903 600 1933 aestatis
622 1905 772 1942 tempore.

263 1984 271 1991 .
294 1958 381 1990 Sicut
403 1958 453 1989 leo
475 1958 680 1989 Leonhardus

295 2004 468 2035 Decoratus
491 2004 668 2044 virtutibus,

296 2050 360 2081 Leo
383 2048 475 2081 forfis
500 2053 547 2081 est
570 2054 601 2080 et
623 2051 774 2090 prudenS,

299 2097 443 2128 clamans
465 2100 558 2134 atque
580 2097 688 2135 ignem
711 2097 835 2141 fimens,

297 2142 350 2174 Sic
371 2141 576 2173 Leonhardus
602 2143 696 2173 corde
717 2142 821 2183 fortis,

296 2188 391 2219 Nulla
414 2188 528 2218 timens
549 2189 631 2221 mala
654 2189 763 2220 mortis

295 2234 438 2267 Prudens
462 2233 596 2265 Satanae
621 2235 689 2266 vias
714 2236 836 2275 clausit,

295 2282 359 2313 Per
381 2289 457 2319 quas
480 2280 594 2311 multos
617 2281 669 2311 hic
692 2282 824 2322 seducit,

296 2327 452 2359 Christum
475 2330 585 2367 petens
608 2336 685 2358 voce
708 2328 820 2359 clamat

295 2373 339 2404 Et
364 2372 519 2405 defunctis
541 2373 638 2404 vitam
662 2375 775 2415 donat3

910 640 938 672 1.

908 835 940 865 2.

963 289 1144 321 Mandanae
1168 297 1288 328 quoque
1312 287 1469 329 vanitatis,

964 336 1077 366 Artam
1101 336 1182 366 viam
1206 335 1393 373 concupivit,

964 382 1142 413 Thesauros
1186 382 1275 413 datos
1322 381 1396 412 dum
1436 388 1506 410 con—

1284 427 1422 466 tempsit.

1057 521 1073 552 1
1082 530 1103 550 11
1129 519 1157 550 L
1165 529 1186 550 a.
1192 529 1213 551 u
1222 520 1242 551 d
1250 520 1262 550 i
1270 519 1291 550 b
1300 529 1320 550 u
1327 528 1354 552 s,

1110 583 1302 619 Anfiphonae.

963 640 1078 671 Beatus
1103 640 1151 670 vir
1173 639 1378 671 Leonhardus

963 686 1150 725 Triumphat
1171 686 1337 727 laureatus,

964 733 1040 764 Post
1062 732 1199 771 palmam
1220 732 1371 763 victoriae

965 778 1044 809 Sinu
1066 782 1211 817 receptus
1234 777 1391 809 Abrahae.

965 833 1028 864 Hic
1052 836 1100 864 est
1122 836 1247 864 sanctus
1271 833 1487 871 LeonharduS,

965 879 1059 912 Cuius
1082 880 1148 911 vita
1171 879 1327 911 sideribus

966 925 1088 957 Clarior
1110 926 1200 957 nobis
1222 933 1306 956 nuuc
1329 925 1458 966 relucet,

965 971 1024 1009 Qui
1040 972 1081 1003 ad
1099 972 1255 1003 Christum
1271 980 1328 1002 nos
1341 972 1505 1003 conducet.

967 1026 1108 1058 Christus
1130 1027 1234 1065 ipsum
1261 1026 1431 1065 decoravit,

963 1072 1066 1112 Signis
1085 1073 1192 1103 multis
1217 1073 1388 1114 exornavit,

966 1119 1134 1150 Catenntus
1157 1119 1316 1159 religatur,

962 1165 1006 1196 Et
1032 1164 1194 1196 defunctus
1218 1165 1397 1196 suscitatur.

905 1222 937 1254 4.
959 1220 1013 1251 Ad
1038 1220 1124 1250 cujus
1147 1220 1298 1250 tumulum
1323 1223 1451 1250 currunt

894 1691 933 1722 A.

891 2144 933 2174 A.

962 1265 1065 1304 Surdi,
1090 1266 1170 1296 muti
1194 1269 1226 1296 et
1248 1269 1413 1297 recurrunt

962 1311 1039 1343 Sani
1063 1311 1220 1343 Christum
1245 1312 1461 1344 collaudantes

962 1357 1006 1388 Et
1029 1358 1112 1388 hunc
1134 1361 1276 1389 sanctum
1299 1362 1495 1389 venerantes.

965 1413 1059 1445 Pater
1082 1413 1172 1452 bone,
1195 1413 1355 1451 miserere,

963 1459 1092 1490 Morbos
1115 1462 1238 1490 nostros
1261 1463 1298 1490 tu
1320 1460 1383 1491 scis
1406 1469 1491 1492 vere.

962 1506 1165 1546 Supplicante
1186 1506 1246 1536 tibi
1271 1506 1366 1546 plebe

964 1552 1068 1584 Corde
1090 1555 1156 1583 toto
1179 1552 1213 1583 111
1235 1552 1297 1584 hac
1321 1553 1410 1585 aede.

1079 1634 1126 1660 Ad
1143 1634 1326 1661 Benedictus.

963 1690 1152 1721 Benedictus
1177 1699 1220 1731 es,
1245 1691 1388 1732 Domine,

965 1737 1023 1775 Qui
1044 1736 1226 1768 Leonhardi
1248 1737 1371 1768 animae

962 1782 1046 1813 Dum
1070 1785 1102 1813 et
1128 1783 1208 1814 caeli
1232 1782 1357 1815 confers
1380 1784 1508 1823 gaudia,

964 1828 1127 1861 Glorificas
1138 1830 1171 1860 in
1183 1830 1278 1861 terris
1290 1830 1507 1868 suamembra,

962 1875 1046 1906 Dum
1069 1884 1087 1906 e
1109 1885 1214 1915 specu,
1241 1885 1300 1916 quo
1324 1877 1428 1917 latuit,

964 1921 1114 1953 Caelestis
1137 1923 1238 1954 virtus
1263 1921 1398 1955 emicuit.

1024 2015 1071 2046 111
1095 2016 1127 2047 2.
1152 2014 1370 2053 Vesperis.

1066 2087 1116 2113 Aa
1132 2086 1309 2122 Magnifica

962 2143 986 2174 Ο
1013 2143 1155 2174 melesfis
1178 2151 1288 2173 norma.
1310 2143 1406 2185 vitae,

961 2189 1081 2220 Doctor-
1104 2191 1135 2219 et
1160 2188 1225 2219 dux
1247 2189 1445 2230 Leonharde,

962 2235 1021 2273 Qui
1045 2243 1113 2266 cum
1138 2235 1261 2267 Christo
1287 2237 1424 2268 exsultas

961 2281 1096 2312 Thronis
1119 2281 1153 2312 in
1178 2282 1374 2325 ffielffitibm,

963 2326 1107 2368 (ἧι-θεῶ,
1131 2330 1244 2366 pastor
1267 2329 1358 2368 alme,
1384 2339 1478 2365 serva

962 2372 1138 2412 Sanctaque
1159 2383 1255 2414 prece
1278 2376 1459 2417 corrobora,
