1650 2542
710 138 964 173 ffl141-

321 229 366 261 In
393 230 423 261 3.
450 230 680 265 Nocturno.

405 312 597 348 Antiphonae.

206 376 236 407 1.
265 376 434 415 Sperantes
458 380 491 410 in
515 380 648 413 Domino

310 432 435 463 semper
460 432 692 467 conservantur,

262 469 321 500 His
343 473 375 501 et
394 471 479 503 Deus
505 473 664 512 adhaeret,

311 525 352 547 ne
376 523 636 552 commoveantur.

207 600 238 631 2.
267 599 417 633 Parentes
444 602 641 635 christiferae

310 647 406 679 iustos
431 651 525 688 atque
548 654 650 682 rectos

266 692 424 725 Condecct
441 695 581 728 laudatio

310 740 407 771 veluti
431 741 599 780 perfectos.

206 823 238 855 3.
262 822 312 853 Dc
336 824 453 855 virtute
477 826 509 856 in
534 827 678 858 virtutem

310 869 443 901 Gressus
470 872 662 913 direxerunt,

258 915 319 947 Dei
341 919 472 948 matrem
497 918 645 957 virginem

303 962 445 994 Tandem
469 968 650 1003 genuerunt.

391 1065 595 1100 Responsoria.

203 1129 230 1160 1.
260 1130 321 1161 Per
345 1131 458 1162 multos
483 1141 580 1163 annos
603 1133 727 1164 steriles

303 1176 347 1207 Hi
373 1177 433 1208 duo
458 1182 706 1220 permanserunt,

260 1222 343 1253 Hinc
366 1231 476 1262 preces
501 1224 716 1257 lamentabiles

303 1268 370 1300 Deo
395 1278 490 1309 saepe
515 1270 672 1311 fuderunt,

254 1316 315 1346 Per
338 1315 400 1346 Dei
424 1318 550 1348 tandem
575 1319 716 1350 nuntium

254 1360 386 1393 Laetum
410 1368 611 1402 sumpserunt
633 1366 774 1397 nuntium

298 1408 347 1439 De
371 1409 432 1440 sibi
458 1410 562 1442 danda
586 1414 670 1452 nata,

183 1454 220 1486 V.
251 1454 346 1492 Quam
354 1459 486 1487 matrem
494 1456 617 1489 Christo
624 1459 795 1500 gignerent,

253 1501 318 1539 Qua
343 1501 503 1540 patefacta
526 1502 639 1535 fierent

298 1548 397 1580 Nobis
424 1558 521 1589 regna
544 1550 645 1583 beata.

193 1632 224 1662 2.
251 1631 350 1671 Regia
374 1633 470 1672 stirps
496 1636 528 1664 et
550 1634 738 1673 pontificalis

294 1679 364 1718 lege
387 1682 511 1711 vetusta

249 1724 335 1755 Sueti
361 1726 546 1759 contrahere

294 1770 383 1802 fuere
407 1773 539 1805 conubia
561 1775 655 1815 iusta,

180 1816 218 1847 V.
248 1816 298 1847 Ex
323 1818 371 1848 his
395 1821 468 1849 sunt
490 1821 555 1851 nati

293 1863 407 1902 Ioseph
431 1867 524 1903 atque
547 1867 650 1900 Maria
676 1870 777 1904 beata.

189 1947 220 1979 3.
245 1946 270 1978 O
296 1947 387 1978 beate
411 1948 550 1979 Ioachim

292 1993 336 2025 Et
359 1995 454 2026 Anna
474 1995 576 2037 beata,

241 2040 367 2072 Laudes
393 2043 425 2072 et
448 2042 577 2074 servitia

290 2087 408 2119 Nostra
430 2088 499 2120 Deo
524 2093 614 2129 grata

246 2133 318 2166 Sint
341 2139 372 2165 et
397 2135 496 2175 vobis,
522 2137 668 2179 petimus,

290 2181 398 2220 Atque
421 2183 580 2220 postulata

243 2225 419 2259 Conferatis
444 2231 607 2262 commoda

287 2273 456 2314 Regnaque
481 2276 583 2309 beat-a.

169 2321 206 2353 V.
238 2320 301 2352 Vos
325 2329 421 2359 prece
444 2323 613 2367 pulsamus,

285 2370 321 2398 ut
344 2367 586 2414 salvemur[que]
604 2380 757 2412 rogamus

1023 233 1040 264 Ι
1048 242 1068 264 n
1092 232 1120 263 L
1128 242 1175 264 au
1184 232 1224 263 di
1235 232 1253 263 b
1262 242 1283 263 u
1292 241 1316 264 s.

1070 306 1260 341 Antiphonae.

877 363 906 395 1.
937 362 1086 394 Dominus
1113 361 1308 394 christiferae

981 409 1130 441 Parentes
1156 409 1298 440 decorem

932 455 1040 486 Induit
1062 456 1275 486 sanctissimae

977 501 1068 532 Vitae
1093 502 1170 533 <lans
1192 502 1335 533 nitorem.

897 599 905 607 .
931 575 1100 607 Iubilemus
1124 576 1256 607 Domino

977 621 1076 653 Lacte
1099 622 1273 660 serviendo,

933 667 1054 700 Mariae
1078 668 1260 707 parentibus

979 714 1055 754 Iuge
1080 715 1311 755 congaudendo.

897 813 904 819 .
932 787 1016 819 Deus
1040 790 1073 820 in
1097 791 1129 820 te
1150 788 1348 828 sperant-ibus

931 833 976 865 Et
999 836 1040 866 ad
1060 839 1092 866 te
1115 835 1315 875 vigilantibus

931 881 993 911 Pro
1018 881 1140 912 Mariae
1163 881 1345 920 parentibus

929 927 1018 957 Assis
1044 928 1205 958 momentis
1231 927 1368 958 omnibut

870 1000 901 1030 4.
925 999 992 1031 Deo
1015 1010 1071 1032 nos
1096 1001 1316 1038 benedicimus,

930 1045 1017 1083 Quod
1041 1047 1165 1078 Mariae
1186 1047 1368 1086 parentibus

929 1092 1083 1123 Virtutum
1109 1094 1197 1125 dedit
1220 1101 1357 1134 munera,

929 1139 987 1177 Qui
1011 1139 1101 1170 nobis
1124 1140 1213 1179 pacis
1238 1139 1368 1171 foedera

928 1184 991 1215 Det
1015 1189 1108 1225 atque
1132 1195 1228 1226 regna
1250 1194 1364 1225 supera

928 1232 989 1263 Per
1014 1240 1118 1263 eorum
1142 1234 1330 1272 precamina.

871 1308 900 1337 Γ.
926 1306 1027 1338 Deum
1055 1308 1236 1339 collaudent
1256 1308 1359 1339 omnia

926 1353 988 1384 Pro
1014 1357 1178 1392 parentum
1201 1355 1351 1385 memoria

925 1399 1056 1439 Mariae,
1083 1409 1211 1439 quorum
1235 1401 1381 1439 precibus

925 1445 1060 1477 Summis
1084 1447 1247 1486 iungamur
1272 1447 1401 1480 civibuS.

1039 1520 1084 1547 Ad
1102 1521 1283 1548 Benedictus.

851 1575 891 1607 A.
921 1575 1111 1609 Benedictus
1135 1579 1168 1609 in
1192 1582 1351 1609 aeternum

967 1624 1051 1654 solus
1074 1624 1159 1656 Deus
1185 1625 1331 1665 omnium,

920 1669 978 1707 Qui
1003 1679 1127 1702 suorum
1152 1672 1205 1710 pia
1229 1674 1301 1703 vota

963 1717 1095 1756 suscipit
1118 1717 1268 1758 fidelium,

917 1762 999 1794 Dum
1024 1768 1171 1803 parentes
1195 1766 1358 1796 theotocac

963 1811 1042 1841 tales
1068 1810 1143 1842 fecit
1165 1811 1321 1851 laudibus,

917 1856 1064 1897 Iungeret
1089 1862 1121 1889 et
1143 1859 1279 1891 sociaret

961 1903 1046 1942 ipsos
1071 1906 1198 1937 summis
1224 1905 1353 1937 civibus.

1029 2007 1053 2039 P
1064 2017 1107 2040 er
1131 2010 1162 2041 H
1172 2018 1189 2041 ο
1199 2019 1276 2041 ras.

1054 2082 1099 2109 Ad
1117 2083 1253 2110 Primam.

843 2135 884 2168 A.
915 2137 1053 2171 Ioachim
1077 2146 1109 2173 et
1132 2142 1226 2173 Anna
1250 2143 1322 2172 sunt

959 2189 991 2217 et
1015 2191 1104 2219 erant
1128 2189 1212 2221 beati

911 2232 978 2263 Viis
1003 2235 1067 2266 suis
1092 2236 1234 2269 omnibus

957 2282 992 2311 ut
1015 2282 1205 2315 immaculati

911 2325 953 2357 Et
978 2326 1111 2361 Domino
1136 2330 1228 2370 grati,

958 2373 1040 2406 bona
1067 2386 1149 2409 nune
1172 2383 1304 2418 precare
1326 2374 1439 2414 parati.
