1650 2542
203 205 369 235 Doneschin

201 242 315 278 Purgas
335 245 357 272 Λ

197 724 242 751 Ad
261 725 358 762 Magn.
379 727 410 762 A,
432 728 449 757 3
469 732 539 759 Dies
560 734 641 761 adest

198 763 312 796 penitus
332 765 366 791 A.
391 781 429 786 —
453 766 475 793 A
496 767 521 802 2,
543 768 562 797 4
581 779 651 806 sepa

196 799 269 826 fehlt
293 800 326 827 A.
353 816 389 821 —
418 802 438 829 R
469 804 494 840 1,
513 805 532 833 4
555 809 647 836 virtus
672 811 835 840 nobilitatis
855 815 891 841 D.

214 856 221 862 .
242 837 343 864 Noet.
365 838 386 865 A
407 838 433 874 3,
457 840 474 868 2
495 843 633 872 decollari
653 855 751 875 omnes
771 849 860 877 ADE.

195 873 246 900 sed
266 883 329 901 eam
349 877 386 903 D.
408 892 445 896 —
469 880 511 907 In
530 878 643 909 3.N00

194 949 285 982 patris
308 950 344 976 D.
371 965 406 970 -ψ
432 953 459 980 D
486 954 538 981 hat
562 965 598 983 zu
623 957 730 985 diesem

193 986 248 1011 mit
266 986 321 1013 den
342 988 407 1016 dort
426 992 630 1027 angegebenen
648 995 748 1023 Abend

721 127 974 162 —189—

371 218 436 245 gen.
463 210 526 240 315.
548 215 583 242 Ε.
608 232 644 235 -
668 219 710 245 In
731 217 755 246 1.
776 221 875 257 Vesp.
902 221 923 248 A
946 221 971 258 2,
992 222 1009 251 3
1037 224 1093 252 Sed
1116 226 1215 253 mundi
1238 228 1275 254 D.
1300 242 1334 246 —
1361 227 1383 255 A
1404 227 1430 262 3,
1453 228 1487 257 10

360 247 395 273 D·
423 264 461 269 —-
487 249 508 275 Α
534 251 560 285 4,
581 251 599 280 3
626 254 703 283 Solis
727 258 788 284 veri
810 259 846 284 D.
874 274 910 278 —
934 259 957 287 A
984 259 1009 294 5,
1034 259 1047 287 1
1073 260 1188 290 Laudat
1206 264 1242 291 D.
1268 281 1304 285 -—
1332 263 1361 298 R,
1384 265 1398 293 1
1426 266 1487 294 Ave

202 282 324 313 gemmis
343 283 413 311 felix
432 286 469 313 D.
489 302 526 307 —
546 290 607 317 Das
631 292 716 327 Resp.
736 294 829 322 lautet
847 297 877 323 in
895 298 919 324 B
938 297 975 329 (D
994 298 1046 325 hai:
1065 299 1197 328 dasselbe
1217 299 1236 326 R
1257 303 1288 328 in
1308 301 1334 328 2.
1354 303 1466 338 Vesp.):

594 328 628 355 R.
656 329 680 356 O
700 330 812 366 lampas
832 334 977 368 ecelesiae,

687 367 777 394 Rivos
797 369 917 398 fundens
938 372 1003 404 olei,

650 403 796 431 Medicina
814 409 933 443 gratiae,

686 441 896 471 Inerementum
915 445 989 481 fidei,

648 477 780 505 Tutelam
803 484 952 514 praestans
973 485 1093 519 pavidis,

649 513 781 542 Calorem
801 519 895 545 minus
915 520 1034 548 fervidis

685 551 846 588 Languidis
867 557 1014 590 medelam,

591 586 627 612 V.
650 587 695 614 Tu
714 589 771 616 Dei
790 593 935 627 saturitas,

687 625 772 653 Oliva
791 628 945 664 fructifera,

648 661 735 689 Cuius
755 663 833 692 lueet
852 668 943 695 exitus

681 699 722 726 Et
740 702 923 736 resplendent
942 714 1036 741 opera.

660 736 771 771 gloriae
790 739 826 766 D.
846 755 882 759 —
901 742 941 768 In
966 741 989 769 1.
1009 745 1057 771 No
1067 747 1108 771 ct.
1130 743 1151 770 A
1171 744 1197 779 2,
1217 744 1234 774 3
1256 748 1338 780 Quod
1358 749 1394 775 ab
1415 750 1478 784 ipso

652 775 710 800 rari
732 783 790 801 non
809 776 843 803 A.

937 777 960 805 Α
982 778 1148 812 3,1suum
1169 783 1241 810 fehlt
1258 784 1292 810 A.
1314 799 1349 803 —
1372 784 1393 811 Α
1413 784 1439 819 3,
1460 785 1480 813 4

916 830 952 834 —-
981 815 1000 843 R
1025 818 1051 850 ὃ,
1075 817 1089 845 1
1117 819 1204 854 plena
1228 821 1300 848 fehlt
1318 822 1353 849 D.
1381 837 1404 841 -
1439 824 1482 850 In

887 866 923 870 —
949 851 968 878 R
993 853 1015 887 1,
1037 853 1054 880 2
1074 856 1149 883 hane
1166 857 1239 884 lofer
1257 859 1290 885 A.

649 886 668 910 t.
691 882 710 909 R
725 882 752 917 3,
772 885 792 913 4
811 889 1025 918 vociferaudum
1045 892 1133 919 ADE.
1153 908 1191 912 -—
1212 892 1231 919 R
1254 893 1278 928 3,
1299 895 1316 922 7
1336 897 1401 923 Non
1421 898 1478 924 sibi

316 913 356 940 In
378 914 483 942 Laud.
505 916 526 943 A
550 916 578 951 1,
605 918 624 946 4
648 921 790 957 Perpessa
815 927 859 951 est
882 927 912 952 in
938 929 1022 954 terris
1044 929 1106 956 AD.
1130 946 1168 950 —
1195 929 1216 956 A
1241 930 1271 964 2,
1292 931 1309 959 3
1336 932 1394 960 Sub
1416 935 1477 960 eius

754 960 884 988 Offioimn
914 964 968 991 den
994 965 1127 1000 Hymnus
1154 968 1236 994 Anal.
1262 969 1316 1002 IV,
1342 970 1391 997 Ns.
1421 968 1476 998 367

751 1005 884 1033 erungen.

1375 857 1479 892 13.3‚6

657 1112 701 1143 66.
730 1114 773 1145 De
793 1117 897 1148 sancto
917 1118 1008 1150 Iusto.

325 1183 369 1214 In
400 1185 431 1216 1.
459 1185 672 1226 Vesperis.

377 1255 423 1283 Ad
441 1258 471 1284 M
475 1258 617 1293 agnificat.

259 1310 368 1343 Laude
392 1314 522 1346 salutari

305 1357 354 1389 fas
380 1362 428 1390 est
451 1361 585 1394 Domino
611 1363 766 1407 famulari,

257 1404 399 1445 Vespere
423 1407 476 1446 qui
500 1407 609 1441 flentes

302 1459 394 1483 eruce
417 1454 466 1484 vel
490 1455 550 1487 sibi
568 1460 802 1492 commorientes

253 1497 349 1529 Mane
375 1500 552 1541 redonabit,

301 1544 424 1585 ditabit,
449 1548 679 1590 magnificabit;

253 1590 394 1630 Nomine,
421 1602 456 1624 re
480 1594 600 1626 Iustum

301 1638 348 1668 sie
371 1639 583 1679 magnificavit
605 1643 637 1674 in
662 1653 790 1688 aevum3

252 1684 353 1715 Huius
377 1685 416 1716 ob
443 1695 568 1719 oramen

299 1731 390 1762 nobis
413 1731 471 1774 fer,
492 1733 624 1775 Christe,
642 1737 795 1771 iuvamen.

314 1833 376 1864 Ad
401 1834 660 1869 Matutinum.

379 1907 592 1936 Invitatorium.

250 1962 440 1995 Conveniant
465 1964 549 2005 iusti,

296 2010 395 2051 decet,
421 2011 461 2042 ad
487 2013 651 2046 sollemnia
674 2016 753 2047 Iusti

247 2056 292 2089 Ut
314 2057 407 2089 simul
432 2059 597 2094 exsultent.

303 2169 346 2201 In
371 2169 401 2203 1.
428 2170 655 2205 Nocturno.

382 2243 574 2280 Antiphonae.

187 2300 216 2332 1.
244 2299 387 2331 Christus
412 2300 473 2334 iter
496 2303 593 2344 novit,

290 2347 373 2386 quod
399 2347 502 2383 Iustus
522 2359 655 2391 pergere
680 2354 774 2395 vovit,

875 1298 904 1328 2.

933 1196 992 1234 Qui
1015 1200 1090 1229 tune
1113 1200 1269 1239 transibit,

981 1244 1028 1275 vir
1051 1245 1175 1284 iniquus
1200 1248 1323 1285 quando
1347 1249 1473 1288 peribit.

930 1298 967 1329 In
992 1299 1093 1337 primo
1116 1299 1195 1332 flore

977 1344 1109 1377 Domino
1134 1348 1264 1380 servivit.
1288 1358 1394 1381 amore

931 1391 1046 1432 Iustus,
1070 1392 1208 1425 iustitiae

977 1439 1161 1477 perquirens
1188 1441 1270 1473 dona
1293 1442 1430 1483 sophiae.

872 1493 902 1524 3.
928 1492 986 1523 Isti
1013 1494 1085 1525 dum
1110 1493 1225 1534 fantur,

973 1539 1159 1572 tribulantes
1183 1543 1442 1585 multiplicantur,

926 1585 988 1616 Sed
1012 1590 1175 1626 susceptor
1199 1589 1270 1630 eris,

972 1632 1073 1673 Deus,
1107 1634 1215 1666 horum
1228 1660 1233 1675 2
1276 1638 1347 1668 dum
1383 1639 1472 1670 luera

1246 1686 1379 1722 quaeris,

889 1759 896 1765 .
923 1735 961 1766 Jn
985 1735 1118 1768 Domino
1143 1742 1252 1777 sperat

968 1782 1082 1826 IustUS‚
1105 1785 1160 1816 sed
1178 1794 1257 1825 quae
1273 1786 1355 1818 bona
1372 1796 1465 1826 quae-

1242 1836 1302 1869 rat,

920 1874 1016 1905 Pravi
1037 1876 1201 1917 mirantur,

968 1921 1040 1952 dum
1073 1923 1162 1962 signa
1193 1925 1277 1956 necis
1311 1928 1465 1960 meditan-

1239 1974 1299 2005 tur.

888 2046 895 2054 .
920 2021 1052 2055 Saecula
1076 2026 1128 2064 qui
1153 2027 1238 2067 vicit,

964 2069 1115 2103 Dominus
1141 2073 1226 2105 Iusto
1251 2075 1407 2109 benedicit

917 2115 1040 2156 Proque
1064 2119 1130 2150 solo
1157 2120 1252 2152 donat

963 2164 1112 2197 caelestia
1131 2167 1255 2207 iamque
1280 2174 1415 2205 coronat.

886 2244 893 2251 .
919 2218 980 2250 Ore
1002 2218 1039 2251 fit
1061 2220 1190 2255 infantis

963 2268 1097 2299 cantatio
1122 2269 1251 2310 lausque
1274 2274 1422 2313 tonantis,

915 2311 977 2343 Sed
1002 2322 1119 2346 memor
1145 2320 1192 2348 est
1217 2318 1349 2350 hominis

960 2359 1055 2402 Deus,
1066 2362 1160 2402 eripit
1168 2364 1250 2396 hune
1256 2366 1457 2406 quiapoenis.
