1650 2542
796 114 1026 148 -76-

341 209 425 240 Aula
449 209 526 240 caeli
552 209 697 240 decorata

387 256 520 287 Perenni
543 255 671 297 laetitia,

339 302 438 332 Prece
460 309 588 340 quorum
613 301 764 339 adoptata

388 346 616 386 Consequamur
638 346 762 386 gaudia.

362 439 421 470 Ad
451 438 784 477 Completorium.

407 501 498 535 Super
519 502 603 528 Nunc
621 502 750 528 dimittis,

268 557 308 588 A.
339 558 487 596 Princeps
510 558 702 596 Maurorum,

385 602 525 642 Gregori‚
552 611 620 633 cum
644 603 796 635 sociorum

335 649 467 687 Agmine
490 652 667 680 sanctorum

382 697 455 733 pete
477 695 567 726 nobis
592 704 688 735 regna
710 695 863 734 polorum.

396 787 457 818 Ad
481 787 741 818 Matutinum.

465 850 676 878 Invitatorium.

332 896 506 928 Adoremus
531 898 609 929 caeli
631 898 742 938 Deum,

380 943 437 981 Qui
460 943 581 975 Mauris
600 944 773 985 insignibus

335 987 509 1020 Gloriosum
534 991 589 1022 dat
612 993 772 1029 tropaeum

379 1035 440 1066 Pro
464 1034 528 1067 fide
552 1036 753 1069 certantibus,

394 1127 438 1158 In
464 1128 493 1160 1.
520 1128 744 1160 Nocturno.

470 1191 660 1226 Antiphonae.

277 1247 307 1277 l.
334 1245 402 1277 Rex
425 1246 577 1278 mittendo
597 1256 705 1279 manus

376 1292 502 1323 simulat
525 1301 559 1323 se
581 1293 789 1326 Maximianus

329 1337 498 1368 Facturum
522 1347 631 1377 pacem

376 1384 470 1414 ritum
493 1385 632 1416 tollendo
655 1395 809 1425 rapacem.

274 1439 305 1469 2.
330 1437 491 1469 Inventum
515 1448 588 1471 vero

377 1483 437 1515 fuit
459 1485 549 1516 huius
574 1487 668 1518 corde
692 1497 808 1532 severo,

330 1529 443 1561 Deleat
464 1534 500 1562 ut
522 1540 633 1563 nomen

377 1576 494 1608 Christi
509 1578 570 1608 sibi
587 1578 679 1611 triste
697 1589 755 1620 per
767 1590 866 1613 omen.

273 1631 303 1662 3.
329 1632 437 1663 Ardua
461 1634 599 1672 consilia,

375 1677 443 1709 fera
466 1679 523 1716 vis,
548 1680 683 1711 humana
706 1682 817 1720 sophia

330 1723 413 1754 Dum
433 1724 515 1755 male
537 1725 739 1766 bacchantur,

375 1770 407 1800 in
433 1770 588 1802 Christum
612 1772 656 1802 nil
680 1777 858 1811 operantur.

470 1843 671 1878 Responsoria.

273 1898 301 1929 1.
325 1898 429 1930 Mauri
452 1900 535 1931 cives
559 1900 702 1933 Africani

373 1944 422 1976 De
445 1954 500 1977 suo
525 1948 652 1979 consilio

327 1991 486 2022 Vocantur
509 1992 692 2026 Maximiani

375 2036 516 2068 Caesaris
539 2039 681 2080 imperio,

259 2081 294 2113 V.
326 2081 493 2114 Christiani
514 2088 546 2115 et
566 2087 679 2125 pagani

374 2129 464 2160 Iussu
487 2134 601 2168 parent
622 2133 716 2172 regio.

272 2185 303 2215 2.
329 2183 433 2214 Mauri
455 2193 555 2224 nuper
577 2186 730 2225 baptizati

372 2229 502 2262 Romam
526 2232 658 2263 tendunt
680 2243 823 2275 propere,

327 2275 390 2307 Ubi
413 2275 477 2308 fide
500 2277 672 2310 confirmati

372 2323 528 2361 Ampliori
551 2323 679 2357 foedere

934 207 972 238 V.
1000 206 1079 239 Sunt
1105 211 1209 249 parati
1231 213 1363 242 mortem
1387 210 1455 250 pati

1050 254 1148 293 Quam
1171 256 1266 288 fidem
1289 258 1475 297 relinquere.

945 318 974 349 3.
1001 318 1141 356 Qualiter
1164 321 1206 352 sit
1226 322 1404 354 Christiano

1048 366 1140 397 Fidei
1165 367 1276 407 religio

1004 411 1207 444 Observanda
1230 413 1288 445 sub
1312 423 1435 454 pagano

1049 458 1150 489 Truce
1175 460 1254 491 duce
1276 461 1416 501 praevio,

937 502 972 535 V.
1003 503 1112 535 Placet
1133 506 1240 546 plano,
1264 509 1353 547 patet
1376 516 1453 538 sano

1049 551 1161 591 Papali
1184 553 1323 586 consilio.

1067 671 1112 702 In
1138 673 1168 703 2.
1193 672 1416 705 Nocturno.

1141 754 1334 789 Antiphonae.

947 807 977 840 1.
1004 808 1144 847 Corpora
1172 812 1363 854 sternuntun

1047 855 1168 887 animae
1186 866 1342 896 nunquam
1358 860 1542 902 moriuntur,

999 901 1064 939 Quo
1089 902 1186 942 magis
1211 906 1341 944 artatur,

1046 946 1120 978 fidei
1144 951 1235 980 tenor
1258 950 1477 989 amplificatur.

942 1013 972 1043 2.
998 1011 1105 1043 Thebe
1126 1012 1288 1045 Thebaeos

1045 1057 1129 1089 Eoos
1155 1059 1292 1091 destinat
1312 1068 1375 1100 eos,

999 1104 1042 1134 Et
1064 1104 1192 1136 Mauros
1215 1106 1341 1138 lavacro

1047 1150 1102 1181 dat
1123 1151 1237 1183 tinctos
1261 1152 1374 1184 Africa
1397 1162 1497 1186 sacro.

941 1215 971 1246 3.
997 1214 1039 1245 Hi
1063 1214 1214 1254 baptizati

1039 1260 1218 1300 Romaeque
1241 1261 1305 1294 fide
1329 1264 1457 1296 solidati

997 1305 1075 1337 Sunt
1098 1308 1232 1340 adversa
1255 1309 1323 1348 pati

1041 1361 1098 1391 pro
1118 1353 1242 1386 Christo
1267 1364 1407 1395 quaeque
1430 1359 1541 1396 parali.

1129 1446 1334 1480 Responsoria.

940 1510 969 1541 1.
996 1511 1061 1549 Quo
1087 1511 1227 1543 consulto
1253 1512 1422 1544 decrevere

1042 1556 1167 1588 Caesari
1190 1558 1334 1589 militiam

997 1602 1112 1634 Contra
1135 1603 1240 1635 hostes
1262 1613 1418 1647 exercere,

1041 1648 1164 1680 Christo
1188 1650 1411 1690 innocentiam,

925 1695 963 1726 V.
993 1694 1046 1726 Sic
1068 1695 1190 1726 sincere
1212 1695 1295 1727 inste
1316 1706 1411 1737 mere,

1040 1741 1132 1773 Viam
1151 1743 1260 1773 tenent
1282 1744 1410 1783 regiam.

937 1806 967 1836 2.
993 1805 1178 1844 Aquilai-um
1204 1806 1277 1838 dum
1301 1813 1472 1848 sequuntur

1041 1850 1136 1891 Signa
1158 1861 1216 1891 pro
1241 1862 1276 1885 re
1299 1855 1437 1895 publica,

994 1897 1057 1929 Sub
1083 1899 1177 1930 armis
1201 1909 1264 1932 non
1286 1906 1492 1935 secernuntur

1040 1945 1069 1975 A
1090 1943 1154 1976 fide
1179 1946 1342 1989 catholica,

924 1991 961 2022 V.
993 1991 1235 2029 Amplectuntur
1258 1996 1291 2024 et
1313 1995 1483 2034 loquuntur

1037 2037 1096 2078 Ea,
1122 2046 1202 2076 quae
1225 2042 1299 2070 sunt
1323 2042 1452 2074 caelica.

937 2094 967 2126 3-
994 2100 1231 2134 Consummatur
1254 2108 1291 2136 ut
1313 2104 1399 2137 beati

1039 2147 1146 2179 Passio
1169 2148 1321 2188 Maur-itii,

991 2193 1187 2232 Agrippinae
1211 2199 1391 2237 congregati

1038 2239 1197 2279 Martyres
1222 2244 1339 2284 egregii

925 2279 961 2309 V·
990 2285 1190 2327 Attemptati,
1216 2289 1363 2322 decimati

1040 2331 1164 2364 Cadunt
1186 2335 1250 2366 ictu
1278 2337 1386 2376 gladii.
