<?xml version="1.0" encoding="UTF-8"?>
<!DOCTYPE html PUBLIC "-//W3C//DTD XHTML 1.0 Transitional//EN"
    "http://www.w3.org/TR/xhtml1/DTD/xhtml1-transitional.dtd">
<html xmlns="http://www.w3.org/1999/xhtml" xml:lang="en" lang="en">
 <head>
  <title>
</title>
<meta http-equiv="Content-Type" content="text/html;charset=utf-8" />
  <meta name='ocr-system' content='tesseract 3.04.00' />
  <meta name='ocr-capabilities' content='ocr_page ocr_carea ocr_par ocr_line ocrx_word'/>
</head>
<body>
  <div class='ocr_page' id='page_1' title='image "./analectahymnica26drevuoft_00174.png"; bbox 0 0 1650 2542; ppageno 0'>
   <div class='ocr_carea' id='block_1_1' title="bbox 717 131 967 166">
    <p class='ocr_par' dir='ltr' id='par_1_1' title="bbox 717 131 967 166">
     <span class='ocr_line' id='line_1_1' title="bbox 717 131 967 166; baseline 0 0"><span class='ocrx_word' id='word_1_1' title='bbox 717 131 967 166; x_wconf 82' lang='lat'>—171—</span> 
     </span>
    </p>
   </div>
   <div class='ocr_carea' id='block_1_2' title="bbox 196 222 1484 370">
    <p class='ocr_par' dir='ltr' id='par_1_2' title="bbox 196 222 1484 370">
     <span class='ocr_line' id='line_1_2' title="bbox 272 222 1484 254; baseline 0.005 -7"><span class='ocrx_word' id='word_1_2' title='bbox 272 222 742 251; x_wconf 78' lang='lat' dir='ltr'>Brev.ms.Va11umbrosanum</span> <span class='ocrx_word' id='word_1_3' title='bbox 775 233 848 252; x_wconf 84' lang='lat' dir='ltr'>saec.</span> <span class='ocrx_word' id='word_1_4' title='bbox 871 223 914 251; x_wconf 92' lang='lat'>15.</span> <span class='ocrx_word' id='word_1_5' title='bbox 943 227 981 252; x_wconf 89' lang='lat' dir='ltr'>in.</span> <span class='ocrx_word' id='word_1_6' title='bbox 1029 225 1096 252; x_wconf 82' lang='lat' dir='ltr'>Cod.</span> <span class='ocrx_word' id='word_1_7' title='bbox 1120 226 1280 253; x_wconf 89' lang='lat' dir='ltr'>Londinen.</span> <span class='ocrx_word' id='word_1_8' title='bbox 1307 228 1392 254; x_wconf 89' lang='lat' dir='ltr'>Burn.</span> <span class='ocrx_word' id='word_1_9' title='bbox 1420 224 1484 254; x_wconf 91' lang='lat'><strong>333.</strong></span> 
     </span>
     <span class='ocr_line' id='line_1_3' title="bbox 196 258 1483 297; baseline 0.004 -13"><span class='ocrx_word' id='word_1_10' title='bbox 196 258 231 284; x_wconf 93' lang='lat' dir='ltr'>A.</span> <span class='ocrx_word' id='word_1_11' title='bbox 258 274 294 278; x_wconf 94' lang='grc'>-</span> <span class='ocrx_word' id='word_1_12' title='bbox 324 260 407 286; x_wconf 84' lang='lat' dir='ltr'>Brev.</span> <span class='ocrx_word' id='word_1_13' title='bbox 436 268 489 286; x_wconf 83' lang='lat' dir='ltr'>ms.</span> <span class='ocrx_word' id='word_1_14' title='bbox 509 260 663 288; x_wconf 74' lang='lat' dir='ltr'><strong>Trinitatis</strong></span> <span class='ocrx_word' id='word_1_15' title='bbox 688 263 719 288; x_wconf 92' lang='lat' dir='ltr'>in</span> <span class='ocrx_word' id='word_1_16' title='bbox 739 261 860 297; x_wconf 87' lang='lat' dir='ltr'>Alpibus</span> <span class='ocrx_word' id='word_1_17' title='bbox 886 264 956 289; x_wconf 83' lang='lat' dir='ltr'>anni</span> <span class='ocrx_word' id='word_1_18' title='bbox 977 260 1056 289; x_wconf 86' lang='lat'>1455.</span> <span class='ocrx_word' id='word_1_19' title='bbox 1100 262 1166 289; x_wconf 73' lang='lat'>0011.</span> <span class='ocrx_word' id='word_1_20' title='bbox 1186 263 1373 291; x_wconf 74' lang='lat' dir='ltr'>Laurenffian.</span> <span class='ocrx_word' id='word_1_21' title='bbox 1395 263 1483 290; x_wconf 85' lang='lat' dir='ltr'>Conv.</span> 
     </span>
     <span class='ocr_line' id='line_1_4' title="bbox 197 294 1484 330; baseline 0.005 -9"><span class='ocrx_word' id='word_1_22' title='bbox 197 303 251 330; x_wconf 82' lang='lat' dir='ltr'>sup</span> <span class='ocrx_word' id='word_1_23' title='bbox 286 294 350 322; x_wconf 91' lang='grc'>512.</span> <span class='ocrx_word' id='word_1_24' title='bbox 370 297 403 323; x_wconf 91' lang='grc' dir='ltr'>Β.</span> <span class='ocrx_word' id='word_1_25' title='bbox 430 311 466 315; x_wconf 84' lang='grc'>-</span> <span class='ocrx_word' id='word_1_26' title='bbox 496 297 577 323; x_wconf 78' lang='lat' dir='ltr'>Brev.</span> <span class='ocrx_word' id='word_1_27' title='bbox 602 306 653 325; x_wconf 89' lang='lat' dir='ltr'>ms.</span> <span class='ocrx_word' id='word_1_28' title='bbox 675 298 704 325; x_wconf 83' lang='lat' dir='ltr'>S.</span> <span class='ocrx_word' id='word_1_29' title='bbox 725 298 817 326; x_wconf 85' lang='lat' dir='ltr'>Salvii</span> <span class='ocrx_word' id='word_1_30' title='bbox 843 307 916 326; x_wconf 75' lang='lat' dir='ltr'>saec.</span> <span class='ocrx_word' id='word_1_31' title='bbox 939 298 981 326; x_wconf 91' lang='grc'>15.</span> <span class='ocrx_word' id='word_1_32' title='bbox 1023 299 1091 327; x_wconf 78' lang='lat' dir='ltr'>God.</span> <span class='ocrx_word' id='word_1_33' title='bbox 1110 300 1290 327; x_wconf 78' lang='lat' dir='ltr'>Riecardian.</span> <span class='ocrx_word' id='word_1_34' title='bbox 1312 299 1375 328; x_wconf 82' lang='grc'>372.</span> <span class='ocrx_word' id='word_1_35' title='bbox 1397 301 1427 328; x_wconf 83' lang='lat'>0.</span> <span class='ocrx_word' id='word_1_36' title='bbox 1447 315 1484 319; x_wconf 90' lang='lat'>—</span> 
     </span>
     <span class='ocr_line' id='line_1_5' title="bbox 197 332 893 370; baseline 0.006 -11"><span class='ocrx_word' id='word_1_37' title='bbox 197 332 283 359; x_wconf 88' lang='lat' dir='ltr'>Brev.</span> <span class='ocrx_word' id='word_1_38' title='bbox 303 333 577 360; x_wconf 82' lang='lat' dir='ltr'>Vallumbrosanum</span> <span class='ocrx_word' id='word_1_39' title='bbox 601 336 668 370; x_wconf 87' lang='lat' dir='ltr'>imp.</span> <span class='ocrx_word' id='word_1_40' title='bbox 689 344 711 362; x_wconf 77' lang='lat' dir='ltr'>s.</span> <span class='ocrx_word' id='word_1_41' title='bbox 730 336 750 362; x_wconf 91' lang='lat'>1.</span> <span class='ocrx_word' id='word_1_42' title='bbox 771 339 801 363; x_wconf 76' lang='lat' dir='ltr'>et</span> <span class='ocrx_word' id='word_1_43' title='bbox 820 344 838 363; x_wconf 86' lang='lat' dir='ltr'>a</span> <span class='ocrx_word' id='word_1_44' title='bbox 857 338 893 363; x_wconf 92' lang='lat' dir='ltr'>D.</span> 
     </span>
    </p>
   </div>
   <div class='ocr_carea' id='block_1_3' title="bbox 195 378 1485 556">
    <p class='ocr_par' dir='ltr' id='par_1_3' title="bbox 195 378 1485 556">
     <span class='ocr_line' id='line_1_6' title="bbox 271 378 1485 418; baseline 0.004 -12"><span class='ocrx_word' id='word_1_45' title='bbox 271 379 313 406; x_wconf 91' lang='lat' dir='ltr'>In</span> <span class='ocrx_word' id='word_1_46' title='bbox 335 379 358 407; x_wconf 91' lang='lat'>1.</span> <span class='ocrx_word' id='word_1_47' title='bbox 379 380 472 415; x_wconf 84' lang='lat' dir='ltr'>Vesp</span> <span class='ocrx_word' id='word_1_48' title='bbox 505 378 527 405; x_wconf 98' lang='lat' dir='ltr'>A</span> <span class='ocrx_word' id='word_1_49' title='bbox 550 378 574 413; x_wconf 94' lang='lat'>1,</span> <span class='ocrx_word' id='word_1_50' title='bbox 595 379 613 407; x_wconf 96' lang='grc'>2</span> <span class='ocrx_word' id='word_1_51' title='bbox 632 382 755 409; x_wconf 84' lang='lat' dir='ltr'>nefando</span> <span class='ocrx_word' id='word_1_52' title='bbox 775 391 845 418; x_wconf 72' lang='lat' dir='ltr'>grg&#39;e</span> <span class='ocrx_word' id='word_1_53' title='bbox 826 383 856 417; x_wconf 85' lang='lat' dir='ltr'>gi</span> <span class='ocrx_word' id='word_1_54' title='bbox 878 383 908 410; x_wconf 84' lang='lat'>13.</span> <span class='ocrx_word' id='word_1_55' title='bbox 930 398 966 402; x_wconf 90' lang='lat'><strong>—</strong></span> <span class='ocrx_word' id='word_1_56' title='bbox 987 381 1008 408; x_wconf 92' lang='lat' dir='ltr'>A</span> <span class='ocrx_word' id='word_1_57' title='bbox 1028 381 1085 416; x_wconf 83' lang='lat'>2,1</span> <span class='ocrx_word' id='word_1_58' title='bbox 1107 383 1177 410; x_wconf 82' lang='lat' dir='ltr'>Dire</span> <span class='ocrx_word' id='word_1_59' title='bbox 1196 384 1317 418; x_wconf 78' lang='lat' dir='ltr'>grandes</span> <span class='ocrx_word' id='word_1_60' title='bbox 1336 385 1368 411; x_wconf 90' lang='lat' dir='ltr'>B.</span> <span class='ocrx_word' id='word_1_61' title='bbox 1388 399 1425 403; x_wconf 93' lang='grc'>--</span> <span class='ocrx_word' id='word_1_62' title='bbox 1444 384 1485 411; x_wconf 83' lang='grc'>111</span> 
     </span>
     <span class='ocr_line' id='line_1_7' title="bbox 198 389 1484 454; baseline 0.005 -12"><span class='ocrx_word' id='word_1_63' title='bbox 198 413 223 442; x_wconf 93' lang='grc'>1.</span> <span class='ocrx_word' id='word_1_64' title='bbox 243 416 341 443; x_wconf 78' lang='lat' dir='ltr'>Noct.</span> <span class='ocrx_word' id='word_1_65' title='bbox 368 416 389 442; x_wconf 91' lang='lat' dir='ltr'>A</span> <span class='ocrx_word' id='word_1_66' title='bbox 410 415 436 450; x_wconf 89' lang='grc'>2,</span> <span class='ocrx_word' id='word_1_67' title='bbox 454 389 475 444; x_wconf 88' lang='lat'><strong>3</strong></span> <span class='ocrx_word' id='word_1_68' title='bbox 498 418 602 444; x_wconf 79' lang='lat' dir='ltr'>Actum</span> <span class='ocrx_word' id='word_1_69' title='bbox 622 418 729 445; x_wconf 80' lang='lat' dir='ltr'>Christi</span> <span class='ocrx_word' id='word_1_70' title='bbox 748 420 784 446; x_wconf 94' lang='lat' dir='ltr'>D.</span> <span class='ocrx_word' id='word_1_71' title='bbox 809 434 846 439; x_wconf 93' lang='lat'><strong>—</strong></span> <span class='ocrx_word' id='word_1_72' title='bbox 873 418 894 445; x_wconf 88' lang='lat' dir='ltr'>A</span> <span class='ocrx_word' id='word_1_73' title='bbox 916 417 942 453; x_wconf 91' lang='lat'><strong>3,</strong></span> <span class='ocrx_word' id='word_1_74' title='bbox 963 418 980 446; x_wconf 94' lang='grc'>2</span> <span class='ocrx_word' id='word_1_75' title='bbox 1009 404 1139 447; x_wconf 77' lang='lat' dir='ltr'><strong>Stimulis</strong></span> <span class='ocrx_word' id='word_1_76' title='bbox 1159 419 1195 447; x_wconf 92' lang='lat' dir='ltr'>D.</span> <span class='ocrx_word' id='word_1_77' title='bbox 1219 435 1256 439; x_wconf 89' lang='lat'><strong>—</strong></span> <span class='ocrx_word' id='word_1_78' title='bbox 1282 421 1301 446; x_wconf 86' lang='lat' dir='ltr'>A</span> <span class='ocrx_word' id='word_1_79' title='bbox 1321 418 1346 454; x_wconf 87' lang='lat'><strong>3,</strong></span> <span class='ocrx_word' id='word_1_80' title='bbox 1368 419 1384 447; x_wconf 94' lang='lat'>6</span> <span class='ocrx_word' id='word_1_81' title='bbox 1411 421 1484 448; x_wconf 83' lang='lat' dir='ltr'>Visa</span> 
     </span>
     <span class='ocr_line' id='line_1_8' title="bbox 196 437 1481 491; baseline 0.004 -12"><span class='ocrx_word' id='word_1_82' title='bbox 196 461 280 480; x_wconf 80' lang='lat' dir='ltr'>cruce</span> <span class='ocrx_word' id='word_1_83' title='bbox 300 454 332 480; x_wconf 93' lang='lat' dir='ltr'>B.</span> <span class='ocrx_word' id='word_1_84' title='bbox 360 469 395 472; x_wconf 97' lang='lat'><strong>—</strong></span> <span class='ocrx_word' id='word_1_85' title='bbox 421 437 443 480; x_wconf 87' lang='lat' dir='ltr'>A</span> <span class='ocrx_word' id='word_1_86' title='bbox 471 453 496 488; x_wconf 87' lang='lat'>6,</span> <span class='ocrx_word' id='word_1_87' title='bbox 517 453 534 481; x_wconf 80' lang='lat'><strong>3</strong></span> <span class='ocrx_word' id='word_1_88' title='bbox 560 455 668 482; x_wconf 85' lang='lat' dir='ltr'>Parens</span> <span class='ocrx_word' id='word_1_89' title='bbox 695 457 757 483; x_wconf 88' lang='lat' dir='ltr'>eius</span> <span class='ocrx_word' id='word_1_90' title='bbox 777 456 809 483; x_wconf 90' lang='lat' dir='ltr'>B.</span> <span class='ocrx_word' id='word_1_91' title='bbox 836 472 873 476; x_wconf 89' lang='lat'><strong>—</strong></span> <span class='ocrx_word' id='word_1_92' title='bbox 900 454 919 482; x_wconf 81' lang='lat' dir='ltr'>R</span> <span class='ocrx_word' id='word_1_93' title='bbox 943 455 966 490; x_wconf 94' lang='grc'>1,</span> <span class='ocrx_word' id='word_1_94' title='bbox 988 455 1004 483; x_wconf 91' lang='grc'>6</span> <span class='ocrx_word' id='word_1_95' title='bbox 1028 457 1235 485; x_wconf 78' lang='lat' dir='ltr'>Valinbtosani</span> <span class='ocrx_word' id='word_1_96' title='bbox 1254 458 1288 484; x_wconf 79' lang='lat' dir='ltr'>A.</span> <span class='ocrx_word' id='word_1_97' title='bbox 1314 473 1350 477; x_wconf 90' lang='lat'>—</span> <span class='ocrx_word' id='word_1_98' title='bbox 1376 456 1396 483; x_wconf 81' lang='lat' dir='ltr'>R</span> <span class='ocrx_word' id='word_1_99' title='bbox 1417 456 1443 491; x_wconf 90' lang='grc'>2,</span> <span class='ocrx_word' id='word_1_100' title='bbox 1464 457 1481 484; x_wconf 86' lang='grc'><strong>7</strong></span> 
     </span>
     <span class='ocr_line' id='line_1_9' title="bbox 196 489 1480 524; baseline 0.005 -8"><span class='ocrx_word' id='word_1_101' title='bbox 196 490 290 517; x_wconf 81' lang='lat' dir='ltr'>cordis</span> <span class='ocrx_word' id='word_1_102' title='bbox 318 499 367 517; x_wconf 85' lang='lat' dir='ltr'>01e</span> <span class='ocrx_word' id='word_1_103' title='bbox 386 491 418 518; x_wconf 92' lang='grc' dir='ltr'>Β.</span> <span class='ocrx_word' id='word_1_104' title='bbox 445 506 482 510; x_wconf 91' lang='grc'>-</span> <span class='ocrx_word' id='word_1_105' title='bbox 508 489 528 516; x_wconf 80' lang='grc' dir='ltr'><em>Β</em></span> <span class='ocrx_word' id='word_1_106' title='bbox 548 489 612 524; x_wconf 89' lang='lat'>3,1</span> <span class='ocrx_word' id='word_1_107' title='bbox 639 492 676 519; x_wconf 83' lang='lat' dir='ltr'>ad</span> <span class='ocrx_word' id='word_1_108' title='bbox 700 493 772 520; x_wconf 79' lang='lat' dir='ltr'>feh1t</span> <span class='ocrx_word' id='word_1_109' title='bbox 796 494 829 520; x_wconf 93' lang='grc' dir='ltr'>Β.</span> <span class='ocrx_word' id='word_1_110' title='bbox 854 508 889 512; x_wconf 95' lang='grc'>-</span> <span class='ocrx_word' id='word_1_111' title='bbox 915 494 956 521; x_wconf 89' lang='lat' dir='ltr'>In</span> <span class='ocrx_word' id='word_1_112' title='bbox 974 494 1083 521; x_wconf 80' lang='lat' dir='ltr'>Laud.</span> <span class='ocrx_word' id='word_1_113' title='bbox 1111 495 1146 521; x_wconf 83' lang='lat' dir='ltr'>ad</span> <span class='ocrx_word' id='word_1_114' title='bbox 1166 495 1270 522; x_wconf 83' lang='lat' dir='ltr'>Bened.</span> <span class='ocrx_word' id='word_1_115' title='bbox 1296 495 1348 522; x_wconf 76' lang='lat' dir='ltr'>hat</span> <span class='ocrx_word' id='word_1_116' title='bbox 1366 495 1390 522; x_wconf 91' lang='lat' dir='ltr'>B</span> <span class='ocrx_word' id='word_1_117' title='bbox 1416 497 1480 522; x_wconf 82' lang='lat' dir='ltr'>eine</span> 
     </span>
     <span class='ocr_line' id='line_1_10' title="bbox 195 526 548 556; baseline 0.006 -3"><span class='ocrx_word' id='word_1_118' title='bbox 195 528 298 554; x_wconf 81' lang='lat' dir='ltr'>zweite</span> <span class='ocrx_word' id='word_1_119' title='bbox 318 526 340 553; x_wconf 89' lang='lat' dir='ltr'>A</span> <span class='ocrx_word' id='word_1_120' title='bbox 362 528 399 554; x_wconf 77' lang='lat' dir='ltr'>acl</span> <span class='ocrx_word' id='word_1_121' title='bbox 417 528 548 556; x_wconf 79' lang='lat' dir='ltr'>libitum:</span> 
     </span>
    </p>
   </div>
   <div class='ocr_carea' id='block_1_4' title="bbox 604 585 1153 955">
    <p class='ocr_par' dir='ltr' id='par_1_4' title="bbox 604 585 1153 955">
     <span class='ocr_line' id='line_1_11' title="bbox 610 585 917 621; baseline -0.003 -8"><span class='ocrx_word' id='word_1_122' title='bbox 610 585 634 613; x_wconf 94' lang='lat' dir='ltr'>O</span> <span class='ocrx_word' id='word_1_123' title='bbox 654 587 817 613; x_wconf 83' lang='lat' dir='ltr'>venerande</span> <span class='ocrx_word' id='word_1_124' title='bbox 836 588 917 621; x_wconf 80' lang='lat' dir='ltr'>pater</span> 
     </span>
     <span class='ocr_line' id='line_1_12' title="bbox 645 623 1116 657; baseline 0 -7"><span class='ocrx_word' id='word_1_125' title='bbox 645 625 673 650; x_wconf 75' lang='lat' dir='ltr'>et</span> <span class='ocrx_word' id='word_1_126' title='bbox 692 623 823 657; x_wconf 75' lang='lat' dir='ltr'>clemens,</span> <span class='ocrx_word' id='word_1_127' title='bbox 845 625 943 650; x_wconf 75' lang='lat' dir='ltr'>sancte</span> <span class='ocrx_word' id='word_1_128' title='bbox 964 623 1116 657; x_wconf 83' lang='lat' dir='ltr'>Iohannes,</span> 
     </span>
     <span class='ocr_line' id='line_1_13' title="bbox 607 660 945 688; baseline -0.003 0"><span class='ocrx_word' id='word_1_129' title='bbox 607 660 662 688; x_wconf 76' lang='lat' dir='ltr'>Oui</span> <span class='ocrx_word' id='word_1_130' title='bbox 683 669 753 687; x_wconf 83' lang='lat' dir='ltr'>erux</span> <span class='ocrx_word' id='word_1_131' title='bbox 771 669 830 687; x_wconf 86' lang='lat' dir='ltr'>non</span> <span class='ocrx_word' id='word_1_132' title='bbox 849 661 945 687; x_wconf 80' lang='lat' dir='ltr'>renuit</span> 
     </span>
     <span class='ocr_line' id='line_1_14' title="bbox 644 697 1053 731; baseline 0 -7"><span class='ocrx_word' id='word_1_133' title='bbox 644 697 753 724; x_wconf 75' lang='lat' dir='ltr'>Christi</span> <span class='ocrx_word' id='word_1_134' title='bbox 772 706 803 725; x_wconf 88' lang='lat' dir='ltr'>se</span> <span class='ocrx_word' id='word_1_135' title='bbox 821 698 935 725; x_wconf 76' lang='lat' dir='ltr'>flectere</span> <span class='ocrx_word' id='word_1_136' title='bbox 954 699 1053 731; x_wconf 76' lang='lat' dir='ltr'>totam,</span> 
     </span>
     <span class='ocr_line' id='line_1_15' title="bbox 606 733 871 770; baseline 0.004 -9"><span class='ocrx_word' id='word_1_137' title='bbox 606 733 666 761; x_wconf 80' lang='lat' dir='ltr'>Ora</span> <span class='ocrx_word' id='word_1_138' title='bbox 683 743 734 770; x_wconf 88' lang='lat' dir='ltr'>pro</span> <span class='ocrx_word' id='word_1_139' title='bbox 754 735 871 770; x_wconf 88' lang='lat' dir='ltr'>populo,</span> 
     </span>
     <span class='ocr_line' id='line_1_16' title="bbox 644 772 1026 808; baseline 0 -10"><span class='ocrx_word' id='word_1_140' title='bbox 644 772 719 799; x_wconf 82' lang='lat' dir='ltr'>clero</span> <span class='ocrx_word' id='word_1_141' title='bbox 740 774 898 808; x_wconf 81' lang='lat' dir='ltr'>cunctoque</span> <span class='ocrx_word' id='word_1_142' title='bbox 918 774 1026 807; x_wconf 81' lang='lat' dir='ltr'>rogato,</span> 
     </span>
     <span class='ocr_line' id='line_1_17' title="bbox 606 809 1069 844; baseline 0.002 -9"><span class='ocrx_word' id='word_1_143' title='bbox 606 809 648 836; x_wconf 79' lang='lat' dir='ltr'>Ut</span> <span class='ocrx_word' id='word_1_144' title='bbox 669 810 780 836; x_wconf 78' lang='lat' dir='ltr'>meritis</span> <span class='ocrx_word' id='word_1_145' title='bbox 800 810 991 844; x_wconf 81' lang='lat' dir='ltr'>precibusque</span> <span class='ocrx_word' id='word_1_146' title='bbox 1010 811 1069 836; x_wconf 69' lang='lat' dir='ltr'>ruis</span> 
     </span>
     <span class='ocr_line' id='line_1_18' title="bbox 643 846 903 881; baseline 0.004 -9"><span class='ocrx_word' id='word_1_147' title='bbox 643 846 761 873; x_wconf 78' lang='lat' dir='ltr'>valeant</span> <span class='ocrx_word' id='word_1_148' title='bbox 780 847 903 881; x_wconf 82' lang='lat' dir='ltr'><strong>adipisci</strong></span> 
     </span>
     <span class='ocr_line' id='line_1_19' title="bbox 604 883 912 918; baseline 0.003 -9"><span class='ocrx_word' id='word_1_149' title='bbox 604 883 736 918; x_wconf 81' lang='lat' dir='ltr'>Regnum</span> <span class='ocrx_word' id='word_1_150' title='bbox 758 884 912 917; x_wconf 83' lang='lat' dir='ltr'>caelorum,</span> 
     </span>
     <span class='ocr_line' id='line_1_20' title="bbox 642 920 1153 955; baseline 0.002 -9"><span class='ocrx_word' id='word_1_151' title='bbox 642 920 719 955; x_wconf 83' lang='lat' dir='ltr'>quod</span> <span class='ocrx_word' id='word_1_152' title='bbox 738 920 847 947; x_wconf 75' lang='lat' dir='ltr'>habent</span> <span class='ocrx_word' id='word_1_153' title='bbox 866 921 979 947; x_wconf 80' lang='lat' dir='ltr'>animae</span> <span class='ocrx_word' id='word_1_154' title='bbox 998 921 1153 947; x_wconf 82' lang='lat' dir='ltr'>beatorum.</span> 
     </span>
    </p>
   </div>
   <div class='ocr_carea' id='block_1_5' title="bbox 268 973 1381 1011">
    <p class='ocr_par' dir='ltr' id='par_1_5' title="bbox 268 973 1381 1011">
     <span class='ocr_line' id='line_1_21' title="bbox 268 973 1381 1011; baseline 0.003 -11"><span class='ocrx_word' id='word_1_155' title='bbox 268 973 304 1000; x_wconf 86' lang='lat' dir='ltr'>In</span> <span class='ocrx_word' id='word_1_156' title='bbox 323 973 474 1001; x_wconf 81' lang='lat' dir='ltr'>‹lerselben</span> <span class='ocrx_word' id='word_1_157' title='bbox 494 975 595 1008; x_wconf 78' lang='lat' dir='ltr'>Quesse</span> <span class='ocrx_word' id='word_1_158' title='bbox 614 974 703 1002; x_wconf 79' lang='lat' dir='ltr'>findet</span> <span class='ocrx_word' id='word_1_159' title='bbox 723 976 784 1002; x_wconf 78' lang='lat' dir='ltr'>sich</span> <span class='ocrx_word' id='word_1_160' title='bbox 803 976 849 1002; x_wconf 86' lang='lat' dir='ltr'>die</span> <span class='ocrx_word' id='word_1_161' title='bbox 867 975 1000 1011; x_wconf 83' lang='lat' dir='ltr'>folgende</span> <span class='ocrx_word' id='word_1_162' title='bbox 1019 976 1166 1010; x_wconf 81' lang='lat' dir='ltr'>Antiphon</span> <span class='ocrx_word' id='word_1_163' title='bbox 1186 976 1221 1002; x_wconf 83' lang='lat' dir='ltr'>ad</span> <span class='ocrx_word' id='word_1_164' title='bbox 1242 977 1381 1003; x_wconf 85' lang='lat' dir='ltr'>Primam:</span> 
     </span>
    </p>
   </div>
   <div class='ocr_carea' id='block_1_6' title="bbox 597 1030 1065 1325">
    <p class='ocr_par' dir='ltr' id='par_1_6' title="bbox 597 1030 1065 1325">
     <span class='ocr_line' id='line_1_22' title="bbox 606 1030 903 1058; baseline -0.003 -1"><span class='ocrx_word' id='word_1_165' title='bbox 606 1030 752 1058; x_wconf 70' lang='lat' dir='ltr'>simoniae</span> <span class='ocrx_word' id='word_1_166' title='bbox 771 1030 903 1057; x_wconf 86' lang='lat' dir='ltr'>nubilum</span> 
     </span>
     <span class='ocr_line' id='line_1_23' title="bbox 640 1067 970 1103; baseline 0 -9"><span class='ocrx_word' id='word_1_167' title='bbox 640 1068 768 1103; x_wconf 84' lang='lat' dir='ltr'>Purgans</span> <span class='ocrx_word' id='word_1_168' title='bbox 788 1067 893 1102; x_wconf 79' lang='lat' dir='ltr'>templo</span> <span class='ocrx_word' id='word_1_169' title='bbox 915 1068 970 1094; x_wconf 81' lang='lat' dir='ltr'>Dei</span> 
     </span>
     <span class='ocr_line' id='line_1_24' title="bbox 603 1104 879 1132; baseline -0.004 -1"><span class='ocrx_word' id='word_1_170' title='bbox 603 1105 736 1131; x_wconf 70' lang='lat' dir='ltr'>Meruisti</span> <span class='ocrx_word' id='word_1_171' title='bbox 755 1104 879 1132; x_wconf 89' lang='lat' dir='ltr'>iubilum</span> 
     </span>
     <span class='ocr_line' id='line_1_25' title="bbox 639 1141 895 1174; baseline 0 -6"><span class='ocrx_word' id='word_1_172' title='bbox 639 1141 736 1168; x_wconf 81' lang='lat' dir='ltr'>Patris</span> <span class='ocrx_word' id='word_1_173' title='bbox 755 1142 895 1174; x_wconf 83' lang='lat' dir='ltr'>Helisaei,</span> 
     </span>
     <span class='ocr_line' id='line_1_26' title="bbox 602 1178 1019 1212; baseline 0.002 -7"><span class='ocrx_word' id='word_1_174' title='bbox 602 1179 687 1211; x_wconf 89' lang='lat' dir='ltr'>Dum,</span> <span class='ocrx_word' id='word_1_175' title='bbox 708 1178 860 1212; x_wconf 84' lang='lat' dir='ltr'>Iohannes,</span> <span class='ocrx_word' id='word_1_176' title='bbox 880 1178 1019 1206; x_wconf 83' lang='lat' dir='ltr'>famulum</span> 
     </span>
     <span class='ocr_line' id='line_1_27' title="bbox 641 1215 893 1251; baseline 0 -9"><span class='ocrx_word' id='word_1_177' title='bbox 641 1215 760 1243; x_wconf 80' lang='lat' dir='ltr'>Cantico</span> <span class='ocrx_word' id='word_1_178' title='bbox 781 1217 893 1251; x_wconf 76' lang='lat' dir='ltr'>tropaei</span> 
     </span>
     <span class='ocr_line' id='line_1_28' title="bbox 597 1253 1065 1288; baseline 0 -9"><span class='ocrx_word' id='word_1_179' title='bbox 597 1253 678 1279; x_wconf 82' lang='lat' dir='ltr'>Dans</span> <span class='ocrx_word' id='word_1_180' title='bbox 698 1261 749 1288; x_wconf 85' lang='lat' dir='ltr'>per</span> <span class='ocrx_word' id='word_1_181' title='bbox 767 1253 900 1280; x_wconf 83' lang='lat' dir='ltr'>flammae</span> <span class='ocrx_word' id='word_1_182' title='bbox 920 1253 1065 1279; x_wconf 82' lang='lat' dir='ltr'>cumulum</span> 
     </span>
     <span class='ocr_line' id='line_1_29' title="bbox 635 1289 877 1325; baseline 0.004 -9"><span class='ocrx_word' id='word_1_183' title='bbox 635 1289 741 1317; x_wconf 85' lang='lat' dir='ltr'>Salvae</span> <span class='ocrx_word' id='word_1_184' title='bbox 760 1292 877 1325; x_wconf 83' lang='lat' dir='ltr'>speciei.</span> 
     </span>
    </p>
   </div>
   <div class='ocr_carea' id='block_1_7' title="bbox 188 1345 1476 1419">
    <p class='ocr_par' dir='ltr' id='par_1_7' title="bbox 188 1345 1476 1419">
     <span class='ocr_line' id='line_1_30' title="bbox 206 1345 1476 1409; baseline 0 -37"><span class='ocrx_word' id='word_1_185' title='bbox 206 1384 213 1389; x_wconf 40' lang='lat'>⁵</span> <span class='ocrx_word' id='word_1_186' title='bbox 264 1345 396 1409; x_wconf 42' lang='lat' dir='ltr'>AUIthtiIi</span> <span class='ocrx_word' id='word_1_187' title='bbox 415 1346 464 1372; x_wconf 85' lang='lat' dir='ltr'>der</span> <span class='ocrx_word' id='word_1_188' title='bbox 481 1346 603 1373; x_wconf 78' lang='lat' dir='ltr'>zweiten</span> <span class='ocrx_word' id='word_1_189' title='bbox 617 1346 727 1381; x_wconf 84' lang='lat' dir='ltr'>Vesper</span> <span class='ocrx_word' id='word_1_190' title='bbox 740 1345 811 1372; x_wconf 83' lang='lat' dir='ltr'>wird</span> <span class='ocrx_word' id='word_1_191' title='bbox 824 1347 855 1372; x_wconf 86' lang='lat' dir='ltr'>in</span> <span class='ocrx_word' id='word_1_192' title='bbox 868 1346 892 1373; x_wconf 93' lang='grc' dir='ltr'><em>Β</em></span> <span class='ocrx_word' id='word_1_193' title='bbox 907 1345 943 1372; x_wconf 85' lang='lat' dir='ltr'>ad</span> <span class='ocrx_word' id='word_1_194' title='bbox 957 1345 1123 1380; x_wconf 78' lang='lat' dir='ltr'>Magnifieat</span> <span class='ocrx_word' id='word_1_195' title='bbox 1138 1347 1201 1372; x_wconf 84' lang='lat' dir='ltr'>eine</span> <span class='ocrx_word' id='word_1_196' title='bbox 1215 1347 1314 1373; x_wconf 76' lang='lat' dir='ltr'>zweite</span> <span class='ocrx_word' id='word_1_197' title='bbox 1326 1346 1476 1381; x_wconf 77' lang='lat' dir='ltr'>Antiphon</span> 
     </span>
     <span class='ocr_line' id='line_1_31' title="bbox 188 1391 409 1419; baseline 0 -10"><span class='ocrx_word' id='word_1_198' title='bbox 188 1391 304 1419; x_wconf 83' lang='lat' dir='ltr'>emgese</span> <span class='ocrx_word' id='word_1_199' title='bbox 326 1391 343 1409; x_wconf 85' lang='lat' dir='ltr'>a</span> <span class='ocrx_word' id='word_1_200' title='bbox 368 1392 383 1410; x_wconf 83' lang='lat' dir='ltr'>e</span> <span class='ocrx_word' id='word_1_201' title='bbox 404 1393 409 1409; x_wconf 92' lang='lat'>:</span> 
     </span>
    </p>
   </div>
   <div class='ocr_carea' id='block_1_8' title="bbox 594 1438 971 1727">
    <p class='ocr_par' dir='ltr' id='par_1_8' title="bbox 594 1438 971 1727">
     <span class='ocr_line' id='line_1_32' title="bbox 595 1438 951 1475; baseline 0 -10"><span class='ocrx_word' id='word_1_202' title='bbox 595 1438 619 1465; x_wconf 95' lang='lat' dir='ltr'>O</span> <span class='ocrx_word' id='word_1_203' title='bbox 638 1438 792 1472; x_wconf 82' lang='lat' dir='ltr'>Iohannes,</span> <span class='ocrx_word' id='word_1_204' title='bbox 812 1440 951 1475; x_wconf 66' lang='lat' dir='ltr'>giemium</span> 
     </span>
     <span class='ocr_line' id='line_1_33' title="bbox 635 1476 969 1511; baseline 0 -8"><span class='ocrx_word' id='word_1_205' title='bbox 635 1476 736 1511; x_wconf 82' lang='lat' dir='ltr'>Gregis</span> <span class='ocrx_word' id='word_1_206' title='bbox 756 1477 969 1509; x_wconf 85' lang='lat' dir='ltr'>monachorum,</span> 
     </span>
     <span class='ocr_line' id='line_1_34' title="bbox 597 1510 971 1548; baseline 0 -8"><span class='ocrx_word' id='word_1_207' title='bbox 597 1510 685 1540; x_wconf 82' lang='lat' dir='ltr'>Vitae</span> <span class='ocrx_word' id='word_1_208' title='bbox 706 1521 792 1548; x_wconf 83' lang='lat' dir='ltr'>posce</span> <span class='ocrx_word' id='word_1_209' title='bbox 812 1514 971 1548; x_wconf 84' lang='lat' dir='ltr'>praemium</span> 
     </span>
     <span class='ocr_line' id='line_1_35' title="bbox 634 1550 925 1584; baseline 0 -7"><span class='ocrx_word' id='word_1_210' title='bbox 634 1550 718 1578; x_wconf 82' lang='lat' dir='ltr'>Plebi</span> <span class='ocrx_word' id='word_1_211' title='bbox 737 1551 925 1584; x_wconf 72' lang='lat' dir='ltr'>subditorum,</span> 
     </span>
     <span class='ocr_line' id='line_1_36' title="bbox 596 1586 933 1615; baseline 0 -1"><span class='ocrx_word' id='word_1_212' title='bbox 596 1586 767 1615; x_wconf 84' lang='lat' dir='ltr'>Condonans</span> <span class='ocrx_word' id='word_1_213' title='bbox 786 1589 933 1615; x_wconf 73' lang='lat' dir='ltr'>interitum</span> 
     </span>
     <span class='ocr_line' id='line_1_37' title="bbox 632 1625 870 1652; baseline 0 0"><span class='ocrx_word' id='word_1_214' title='bbox 632 1625 719 1652; x_wconf 79' lang='lat' dir='ltr'>Hosti</span> <span class='ocrx_word' id='word_1_215' title='bbox 739 1627 870 1652; x_wconf 76' lang='lat' dir='ltr'>meruisti</span> 
     </span>
     <span class='ocr_line' id='line_1_38' title="bbox 594 1662 922 1690; baseline 0 -1"><span class='ocrx_word' id='word_1_216' title='bbox 594 1662 765 1689; x_wconf 75' lang='lat' dir='ltr'>Inclinantis</span> <span class='ocrx_word' id='word_1_217' title='bbox 788 1663 922 1690; x_wconf 76' lang='lat' dir='ltr'>meritum</span> 
     </span>
     <span class='ocr_line' id='line_1_39' title="bbox 631 1699 962 1727; baseline 0 0"><span class='ocrx_word' id='word_1_218' title='bbox 631 1699 730 1727; x_wconf 80' lang='lat' dir='ltr'>Crucis</span> <span class='ocrx_word' id='word_1_219' title='bbox 750 1700 825 1727; x_wconf 81' lang='lat' dir='ltr'>ferre</span> <span class='ocrx_word' id='word_1_220' title='bbox 845 1700 962 1727; x_wconf 77' lang='lat' dir='ltr'>Christi.</span> 
     </span>
    </p>
   </div>
   <div class='ocr_carea' id='block_1_9' title="bbox 183 1753 1470 1865">
    <p class='ocr_par' dir='ltr' id='par_1_9' title="bbox 183 1753 1470 1865">
     <span class='ocr_line' id='line_1_40' title="bbox 257 1753 1469 1791; baseline 0.001 -9"><span class='ocrx_word' id='word_1_221' title='bbox 257 1756 322 1783; x_wconf 88' lang='lat' dir='ltr'>Von</span> <span class='ocrx_word' id='word_1_222' title='bbox 342 1756 366 1782; x_wconf 93' lang='lat' dir='ltr'>B</span> <span class='ocrx_word' id='word_1_223' title='bbox 386 1757 428 1783; x_wconf 86' lang='lat' dir='ltr'>sei</span> <span class='ocrx_word' id='word_1_224' title='bbox 448 1755 589 1789; x_wconf 62' lang='lat' dir='ltr'>erwfihnt,</span> <span class='ocrx_word' id='word_1_225' title='bbox 611 1755 674 1782; x_wconf 83' lang='lat' dir='ltr'>dass</span> <span class='ocrx_word' id='word_1_226' title='bbox 695 1756 756 1783; x_wconf 77' lang='lat' dir='ltr'>sich</span> <span class='ocrx_word' id='word_1_227' title='bbox 776 1756 909 1783; x_wconf 83' lang='lat' dir='ltr'>dasselbe</span> <span class='ocrx_word' id='word_1_228' title='bbox 928 1756 972 1783; x_wconf 87' lang='lat' dir='ltr'>als</span> <span class='ocrx_word' id='word_1_229' title='bbox 995 1753 1066 1783; x_wconf 88' lang='lat'>1355</span> <span class='ocrx_word' id='word_1_230' title='bbox 1086 1755 1273 1791; x_wconf 80' lang='lat' dir='ltr'>geschrieben</span> <span class='ocrx_word' id='word_1_231' title='bbox 1294 1756 1469 1789; x_wconf 78' lang='lat' dir='ltr'>bezeichnet,</span> 
     </span>
     <span class='ocr_line' id='line_1_41' title="bbox 183 1792 1470 1829; baseline 0.002 -10"><span class='ocrx_word' id='word_1_232' title='bbox 183 1793 265 1819; x_wconf 87' lang='lat' dir='ltr'>indes</span> <span class='ocrx_word' id='word_1_233' title='bbox 290 1793 545 1828; x_wconf 79' lang='lat' dir='ltr'>augenscheinlieh</span> <span class='ocrx_word' id='word_1_234' title='bbox 564 1802 619 1819; x_wconf 90' lang='lat' dir='ltr'>nur</span> <span class='ocrx_word' id='word_1_235' title='bbox 637 1794 668 1819; x_wconf 90' lang='lat' dir='ltr'>iu</span> <span class='ocrx_word' id='word_1_236' title='bbox 687 1793 776 1829; x_wconf 88' lang='lat' dir='ltr'>Folge</span> <span class='ocrx_word' id='word_1_237' title='bbox 797 1795 876 1821; x_wconf 84' lang='lat' dir='ltr'>einer</span> <span class='ocrx_word' id='word_1_238' title='bbox 895 1794 999 1829; x_wconf 69' lang='lat' dir='ltr'>Iri-ung</span> <span class='ocrx_word' id='word_1_239' title='bbox 1018 1793 1067 1820; x_wconf 86' lang='lat' dir='ltr'>des</span> <span class='ocrx_word' id='word_1_240' title='bbox 1088 1793 1268 1827; x_wconf 65' lang='lat' dir='ltr'>Scffleibers,</span> <span class='ocrx_word' id='word_1_241' title='bbox 1297 1794 1361 1821; x_wconf 86' lang='lat' dir='ltr'>dem</span> <span class='ocrx_word' id='word_1_242' title='bbox 1381 1795 1428 1821; x_wconf 86' lang='lat' dir='ltr'>ein</span> <span class='ocrx_word' id='word_1_243' title='bbox 1449 1792 1470 1821; x_wconf 87' lang='lat' dir='ltr'>C</span> 
     </span>
     <span class='ocr_line' id='line_1_42' title="bbox 184 1830 576 1865; baseline 0 -9"><span class='ocrx_word' id='word_1_244' title='bbox 184 1831 216 1856; x_wconf 83' lang='lat' dir='ltr'>in</span> <span class='ocrx_word' id='word_1_245' title='bbox 235 1830 285 1857; x_wconf 77' lang='lat' dir='ltr'>der</span> <span class='ocrx_word' id='word_1_246' title='bbox 304 1830 396 1857; x_wconf 79' lang='lat' dir='ltr'>Feder</span> <span class='ocrx_word' id='word_1_247' title='bbox 415 1830 576 1865; x_wconf 84' lang='lat' dir='ltr'>geblieben.</span> 
     </span>
    </p>
   </div>
   <div class='ocr_carea' id='block_1_10' title="bbox 573 1976 1085 2008">
    <p class='ocr_par' dir='ltr' id='par_1_10' title="bbox 573 1976 1085 2008">
     <span class='ocr_line' id='line_1_43' title="bbox 573 1976 1085 2008; baseline 0 -1"><span class='ocrx_word' id='word_1_248' title='bbox 573 1976 619 2007; x_wconf 87' lang='grc'>60.</span> <span class='ocrx_word' id='word_1_249' title='bbox 648 1976 691 2007; x_wconf 82' lang='lat' dir='ltr'>De</span> <span class='ocrx_word' id='word_1_250' title='bbox 711 1984 734 2007; x_wconf 92' lang='lat' dir='ltr'>s.</span> <span class='ocrx_word' id='word_1_251' title='bbox 753 1976 888 2008; x_wconf 76' lang='lat' dir='ltr'>Iohanne</span> <span class='ocrx_word' id='word_1_252' title='bbox 911 1977 1085 2008; x_wconf 80' lang='lat' dir='ltr'>Gualberto.</span> 
     </span>
    </p>
   </div>
   <div class='ocr_carea' id='block_1_11' title="bbox 192 2063 1280 2349">
    <p class='ocr_par' dir='ltr' id='par_1_11' title="bbox 192 2063 1280 2349">
     <span class='ocr_line' id='line_1_44' title="bbox 316 2063 1222 2105; baseline 0.001 -10"><span class='ocrx_word' id='word_1_253' title='bbox 316 2063 363 2097; x_wconf 92' lang='lat' dir='ltr'>In</span> <span class='ocrx_word' id='word_1_254' title='bbox 390 2066 420 2098; x_wconf 84' lang='lat'>1.</span> <span class='ocrx_word' id='word_1_255' title='bbox 446 2064 661 2104; x_wconf 82' lang='lat' dir='ltr'>Vesperis.</span> <span class='ocrx_word' id='word_1_256' title='bbox 867 2066 897 2097; x_wconf 82' lang='lat'>2.</span> <span class='ocrx_word' id='word_1_257' title='bbox 925 2065 1060 2097; x_wconf 77' lang='lat' dir='ltr'>Plaudat</span> <span class='ocrx_word' id='word_1_258' title='bbox 1082 2065 1222 2105; x_wconf 83' lang='lat' dir='ltr'>Etruria,</span> 
     </span>
     <span class='ocr_line' id='line_1_45' title="bbox 970 2110 1249 2151; baseline 0 -8"><span class='ocrx_word' id='word_1_259' title='bbox 970 2112 1088 2144; x_wconf 77' lang='lat' dir='ltr'>Ornata</span> <span class='ocrx_word' id='word_1_260' title='bbox 1110 2110 1249 2151; x_wconf 88' lang='lat' dir='ltr'>fioribus,</span> 
     </span>
     <span class='ocr_line' id='line_1_46' title="bbox 388 2148 1258 2198; baseline -0.001 -8"><span class='ocrx_word' id='word_1_261' title='bbox 388 2148 580 2183; x_wconf 79' lang='lat' dir='ltr'>Antiphonae.</span> <span class='ocrx_word' id='word_1_262' title='bbox 923 2159 1037 2190; x_wconf 80' lang='lat' dir='ltr'>Penset</span> <span class='ocrx_word' id='word_1_263' title='bbox 1062 2161 1094 2190; x_wconf 74' lang='lat' dir='ltr'>et</span> <span class='ocrx_word' id='word_1_264' title='bbox 1116 2160 1258 2198; x_wconf 78' lang='lat' dir='ltr'>mystica,</span> 
     </span>
     <span class='ocr_line' id='line_1_47' title="bbox 192 2206 1280 2259; baseline -0.002 -12"><span class='ocrx_word' id='word_1_265' title='bbox 192 2215 221 2249; x_wconf 87' lang='lat'>1.</span> <span class='ocrx_word' id='word_1_266' title='bbox 249 2215 343 2248; x_wconf 85' lang='lat' dir='ltr'>Sidus</span> <span class='ocrx_word' id='word_1_267' title='bbox 367 2215 521 2247; x_wconf 86' lang='lat' dir='ltr'>Iohannes</span> <span class='ocrx_word' id='word_1_268' title='bbox 546 2215 645 2247; x_wconf 82' lang='lat' dir='ltr'>oritur</span> <span class='ocrx_word' id='word_1_269' title='bbox 955 2206 1119 2258; x_wconf 34' lang='lat' dir='ltr'>‘QOI&#39;USCG‘C</span> <span class='ocrx_word' id='word_1_270' title='bbox 1135 2206 1280 2259; x_wconf 47' lang='lat' dir='ltr'>&#39;moribus</span> 
     </span>
     <span class='ocr_line' id='line_1_48' title="bbox 296 2251 1174 2302; baseline -0.001 -9"><span class='ocrx_word' id='word_1_271' title='bbox 296 2262 466 2294; x_wconf 83' lang='lat' dir='ltr'>Praeclara</span> <span class='ocrx_word' id='word_1_272' title='bbox 490 2271 527 2293; x_wconf 78' lang='lat' dir='ltr'>ex</span> <span class='ocrx_word' id='word_1_273' title='bbox 549 2261 709 2302; x_wconf 79' lang='lat' dir='ltr'>progenie,</span> <span class='ocrx_word' id='word_1_274' title='bbox 922 2251 1039 2284; x_wconf 68' lang='lat' dir='ltr'>Dlvma</span> <span class='ocrx_word' id='word_1_275' title='bbox 1063 2255 1174 2292; x_wconf 66' lang='lat' dir='ltr'>grafia-</span> 
     </span>
     <span class='ocr_line' id='line_1_49' title="bbox 247 2308 1219 2349; baseline 0 -9"><span class='ocrx_word' id='word_1_276' title='bbox 247 2309 405 2342; x_wconf 83' lang='lat' dir='ltr'>Virtutum</span> <span class='ocrx_word' id='word_1_277' title='bbox 430 2309 577 2348; x_wconf 83' lang='lat' dir='ltr'>princeps</span> <span class='ocrx_word' id='word_1_278' title='bbox 603 2308 715 2340; x_wconf 85' lang='lat' dir='ltr'>colitur</span> <span class='ocrx_word' id='word_1_279' title='bbox 865 2309 895 2340; x_wconf 86' lang='lat'>3.</span> <span class='ocrx_word' id='word_1_280' title='bbox 922 2308 1074 2340; x_wconf 83' lang='lat' dir='ltr'>Innocens</span> <span class='ocrx_word' id='word_1_281' title='bbox 1097 2309 1219 2349; x_wconf 74' lang='lat' dir='ltr'>spernit</span> 
     </span>
    </p>
   </div>
   <div class='ocr_carea' id='block_1_12' title="bbox 296 2354 1214 2396">
    <p class='ocr_par' dir='ltr' id='par_1_12' title="bbox 296 2354 1214 2396">
     <span class='ocr_line' id='line_1_50' title="bbox 296 2354 1214 2396; baseline -0.001 -8"><span class='ocrx_word' id='word_1_282' title='bbox 296 2355 422 2388; x_wconf 72' lang='lat' dir='ltr'>Ditatus</span> <span class='ocrx_word' id='word_1_283' title='bbox 448 2356 519 2389; x_wconf 89' lang='lat' dir='ltr'>divo</span> <span class='ocrx_word' id='word_1_284' title='bbox 541 2363 680 2389; x_wconf 81' lang='lat' dir='ltr'>munere.</span> <span class='ocrx_word' id='word_1_285' title='bbox 967 2354 1082 2387; x_wconf 76' lang='lat' dir='ltr'>Natale</span> <span class='ocrx_word' id='word_1_286' title='bbox 1104 2356 1214 2396; x_wconf 86' lang='lat' dir='ltr'>solum,</span> 
     </span>
    </p>
   </div>
  </div>
 </body>
</html>
