1650 2542
722 145 953 178 —14-

273 240 380 271 Novae
403 241 499 270 vitam
523 240 681 278 plantulae

317 286 418 316 Patris
444 285 499 316 dat
523 285 673 326 doctrina,

273 332 357 369 Quae
379 331 480 369 rigata
503 331 611 361 sedulo

314 377 399 415 Lege
424 377 463 407 de
488 376 593 407 divina

203 423 241 454 V.
272 422 372 453 Caelis
397 422 510 452 electos

316 468 413 498 mittit
435 466 527 498 fiores
551 467 618 497 sine
642 466 742 504 spina.

325 587 368 617 In
395 587 425 616 2.
451 585 674 616 Nocturno.

403 676 593 710 Antiphonae

235 768 242 774 .
268 742 358 773 Idola
382 741 547 772 colentium

314 787 428 826 Arguit
451 790 587 826 conatus,

269 833 330 864 Pro
356 833 480 865 Christo
502 833 685 873 martyrium

311 879 423 911 Subire
445 882 585 918 paratus,

212 951 243 977 *.
268 945 370 975 Aures
395 944 543 974 claudunt
566 944 691 982 aspides

311 989 465 1020 Dentibus
489 990 668 1028 stridentes,

268 1035 312 1066 Et
334 1035 367 1065 in
390 1038 511 1074 patrem
535 1036 657 1074 lapides

312 1081 434 1112 Iaciunt
458 1084 621 1112 torrentes.

212 1166 220 1173 ›
236 1170 243 1177 .
269 1145 376 1176 Scelus
400 1145 500 1184 gentis
523 1144 636 1176 flebilis

309 1191 380 1222 Hoc
403 1200 493 1230 quam
517 1192 557 1222 sit
581 1192 752 1231 indignum,

269 1237 399 1276 Sanguis
423 1237 600 1268 indelebilis

313 1283 452 1314 Evidens
477 1286 524 1314 est
550 1284 679 1323 signum.

400 1375 601 1409 Responsoria.

237 1457 242 1462 .
270 1430 375 1469 Surgit
397 1431 556 1469 operarius

315 1477 451 1516 Pervigil
473 1477 506 1507 in
530 1485 639 1517 messe,

268 1522 337 1554 Non
361 1525 396 1553 ut
417 1524 625 1555 mercenarius

315 1569 448 1607 Cupiens
472 1578 625 1612 praeesse,

269 1615 331 1647 Sed
355 1615 436 1646 sicut
460 1615 588 1646 eximius

316 1662 428 1693 Pastor
451 1662 519 1692 vult,
541 1663 700 1705 prodesse,

230 1734 237 1740 .
268 1707 424 1747 Sanguine
449 1706 619 1739 defendens

315 1754 433 1784 salvum
445 1762 604 1784 numerum
617 1755 718 1794 gregis
728 1764 805 1787 esse.

239 1844 245 1850 .
274 1818 396 1849 Turbas
423 1818 482 1849 diis
505 1818 667 1850 libantium

316 1865 430 1903 Arguit
453 1873 589 1903 securus,

270 1910 373 1941 Minas
397 1919 545 1949 spernens
569 1912 703 1943 hostium

316 1956 428 1987 Hostia
451 1955 583 1997 futurus,

270 2002 338 2034 Nec
360 2005 482 2040 patrem
506 2003 651 2034 eximium

319 2048 436 2079 Flectit
459 2057 558 2080 sermo
584 2050 689 2091 durus,

233 2121 240 2128 .
270 2094 338 2125 Nec
360 2094 440 2133 lapis
464 2097 519 2125 aut
542 2094 668 2137 ferrum,

316 2140 372 2171 sed
387 2139 494 2171 firmus
510 2143 574 2172 stat
589 2143 676 2181 quasi
689 2152 804 2177 murus,

237 2232 244 2239 .
270 2205 368 2236 Verbi
391 2204 463 2236 ferit
487 2206 591 2245 gladio

314 2252 429 2283 Fidem
454 2252 681 2294 impugnantes,

271 2298 365 2329 Lucis
390 2298 515 2329 obstant
536 2299 625 2331 radio

313 2344 473 2378 Tenebras
498 2348 646 2386 amantes,

863 329 901 361 V.

874 808 894 837 [Φ

862 1924 900 1957 V.

933 237 1028 274 Quem
1053 237 1189 267 sacravit
1212 235 1329 273 unctio,

979 282 1127 313 Premunt
1151 281 1365 321 malignantes,

931 328 997 360 Vas
1022 328 1090 358 auri
1114 327 1258 367 solidum,

979 382 1033 405 vas
1058 376 1200 404 ornatum
1222 371 1438 410 reprobantes.

989 483 1035 513 In
1060 483 1091 513 3.
1117 482 1343 513 Nocturno.

1076 554 1267 588 Antiphonae.

900 637 907 644 .
933 611 1134 642 Alabastrum
1160 610 1326 650 frangitur,

977 657 1113 697 Fragrat
1137 657 1183 688 vis
1209 657 1324 697 odoris,

932 704 1038 735 Omnis
1063 704 1164 743 aegris
1188 703 1310 735 tollitur

977 750 1086 782 Passio
1110 750 1281 789 languoris.

898 830 909 839 r
933 806 1077 838 Clamant
1099 806 1140 837 ad
1165 804 1313 844 suffragia

978 852 1069 883 Prius
1092 852 1320 891 impugnantes,

931 898 1062 929 Suorum
1087 897 1219 936 vestigia

977 945 1097 976 Pedum
1118 944 1295 976 adorantes.

898 1022 905 1029 .
929 1001 990 1032 Pro
1014 999 1104 1030 nobis
1129 1000 1253 1039 egregie

975 1045 1075 1076 Deum
1100 1049 1222 1085 martyr
1245 1055 1310 1088 ora,

929 1092 974 1124 Ut
995 1100 1051 1122 nos
1073 1092 1151 1123 caeli
1176 1092 1282 1123 curiae

975 1138 1103 1169 Reddat
1125 1138 1235 1169 mortis
1259 1139 1347 1170 hora.

1062 1212 1265 1245 Responsoria.

896 1292 904 1299 .
929 1267 1057 1298 Transit
1080 1267 1119 1298 ab
1146 1268 1256 1298 exsilio

973 1313 1087 1344 Mundi
1111 1313 1298 1353 rubrica-tus,

931 1361 966 1391 111
993 1360 1071 1390 caeli
1094 1360 1214 1391 rosario

975 1405 1079 1445 Digne
1100 1407 1359 1446 transplantatus,

930 1452 1009 1483 Bino
1034 1452 1155 1490 pollens
1179 1453 1319 1491 praemio

975 1497 1100 1529 Gaudet
1122 1499 1289 1538 laureatus,

928 1544 985 1583 Qui
1010 1544 1112 1584 gregis
1137 1548 1210 1576 ante
1234 1545 1335 1576 Deum

977 1591 1052 1621 velit
1077 1599 1227 1622 excusare
1250 1594 1365 1625 reatus.

897 1670 904 1677 .
928 1646 977 1677 De
1000 1647 1099 1685 patris
1124 1646 1266 1678 absentia

979 1692 1064 1724 Grex
1088 1695 1136 1723 est
1157 1693 1191 1724 in
1214 1702 1365 1735 maerore,

933 1738 995 1770 Sed
1023 1739 1152 1770 resumit
1176 1740 1291 1779 gaudia

976 1785 1092 1825 Magno
1119 1795 1187 1816 cum
1210 1785 1329 1826 favore,

933 1831 1011 1870 Quia
1033 1832 1191 1863 mirabilia

977 1878 1076 1910 Fiunt
1099 1888 1119 1910 a
1141 1882 1277 1921 pastore,

932 1924 974 1955 Et
997 1925 1059 1956 sibi
1079 1934 1138 1964 pro
1162 1928 1250 1958 tanto

978 1972 1116 2010 gaudens
1145 1972 1320 2010 congaudet
1342 1973 1470 2007 honore.

875 2028 906 2058 3„
929 2027 953 2059 Ο
979 2027 1084 2066 proles
1108 2027 1301 2069 Britanniae,

863 2305 901 2336 V.

977 2073 1077 2104 Recta
1101 2073 1153 2103 via
1176 2082 1307 2113 morum,

933 2118 1063 2150 Praesul
1087 2118 1343 2160 Sudermanuiae,

977 2166 1077 2197 Tutor
1101 2165 1322 2206 orphanorum,

932 2211 979 2242 Te
1004 2211 1163 2242 collaudat
1185 2212 1280 2243 hodie

979 2257 1082 2296 Digne
1105 2266 1180 2296 gens
1205 2257 1366 2303 Sueorum,

932 2304 1040 2343 Quam,
1064 2307 1157 2342 pater
1181 2304 1304 2345 eximie,

979 2350 1073 2381 ducas
1098 2350 1140 2382 ad
1163 2359 1260 2390 regna
1283 2353 1437 2392 polorum.
