1650 2542
683 115 928 150 —113-

287 202 333 234 In
360 206 389 238 2.
417 206 647 240 Nocturno.

372 278 565 315 Antiphonae.

175 334 205 367 1.
234 335 336 367 Vitam
360 339 496 369 vestram
522 340 647 381 dirigite

276 382 308 413 in
332 382 392 414 Dei
417 384 563 426 salutare,

229 428 307 466 Quia
331 429 407 460 mihi
430 432 622 470 praesidium

275 474 345 517 fuit,
373 485 441 508 cum
463 478 650 514 invocarem.

173 541 204 572 2.
231 539 348 572 Salutis
373 545 493 580 patrem
518 545 663 583 praefero

273 587 370 627 vobis,
395 592 432 619 ut
454 590 520 621 vit-a
543 600 617 624 vera

228 633 347 665 Vivatis
372 636 559 674 regulariter

270 681 439 712 secundum
466 684 563 716 verba
585 694 664 719 mea.

169 746 199 777 3.
227 745 276 776 De
301 746 501 779 Cremonensi
525 750 642 782 ambitu

272 792 443 824 Eusebium
467 795 590 827 nomine

225 838 373 869 Sanctum
396 840 497 871 virum
523 844 554 872 et
577 843 712 875 nobilem

268 884 431 923 proferens
455 887 554 927 nobis,
581 889 723 924 Domine.

396 987 599 1022 Responsoria.

168 1053 196 1083 1.
222 1052 402 1091 Vocemque
425 1054 626 1087 mediocriter

267 1098 404 1130 Elevans
429 1100 517 1131 vultu
540 1102 665 1141 placido

223 1144 370 1176 Osculum
397 1145 486 1177 dedit
507 1148 627 1185 pariter

267 1190 338 1222 Suis
362 1191 498 1223 iucundo
523 1194 635 1232 animo,

150 1236 185 1269 V.
217 1237 254 1267 In
280 1237 398 1268 caelum
423 1239 519 1270 tensis
542 1241 685 1272 manibus

266 1283 319 1314 Ad
343 1283 442 1314 Deum
468 1286 569 1317 oravit

216 1329 369 1360 Lacrimis
393 1330 615 1364 inundantibus

264 1375 305 1406 Se
329 1378 599 1411 recommendavit.

161 1442 191 1473 2.
217 1440 335 1471 Terrae
359 1441 458 1472 macie
483 1441 624 1474 affectum

263 1487 354 1518 quta
378 1487 505 1519 Domini
529 1498 691 1530 praesepe,

218 1533 293 1565 Cum
320 1534 454 1564 cernetis
481 1534 673 1577 dissolutum,

263 1580 382 1618 Corpus
411 1589 512 1611 meum
536 1583 668 1621 sepelite

212 1625 256 1656 Et
280 1626 413 1664 spoliate
437 1630 534 1666 veste,
558 1630 675 1661 nudum

259 1672 359 1703 Terra
384 1674 550 1717 cooperite,

143 1718 178 1749 V.
209 1718 287 1749 Eius
311 1719 388 1750 mihi
414 1720 524 1751 dantes
549 1729 671 1764 corpus,

258 1765 316 1804 Qui
340 1766 373 1796 in
397 1766 481 1805 ligno
507 1776 557 1798 me
581 1769 722 1812 redemit,

212 1812 389 1850 Antequam
413 1812 471 1843 sim
496 1813 655 1846 absolutus

261 1857 311 1889 Ab
336 1858 385 1889 his
410 1859 541 1891 sarcinis
566 1862 708 1896 terrenis

151 1924 182 1955 3.
210 1923 304 1962 Regis
329 1931 436 1963 regum
459 1927 600 1955 sanctum
626 1934 737 1965 corpus

259 1969 334 2002 Cum
359 1971 542 2010 Ieronymus
569 1973 739 2014 conspexit,

212 2016 353 2049 Caritate
380 2015 588 2050 infiammatus

255 2063 299 2095 Et
322 2064 363 2095 ad
388 2064 471 2095 intus
494 2063 662 2104 genuflexit

209 2110 253 2142 Et
276 2113 453 2149 prostratus
479 2112 683 2145 exclamavit:

255 2156 398 2197 Domine,
424 2158 465 2189 ad
490 2158 566 2198 quid
589 2159 726 2191 venisti?

138 2202 175 2234 V.
206 2203 294 2234 Bone
318 2206 435 2244 pastor,
461 2213 522 2236 non
545 2214 613 2236 sum
632 2206 752 2248 dignun,

251 2249 296 2282 Ut
317 2250 374 2282 sub
391 2253 507 2282 tectum
526 2260 626 2284 meum
643 2253 751 2294 intres,

208 2296 286 2335 Quia
310 2305 393 2339 reus,
419 2300 452 2328 tu
477 2298 637 2343 benignus,

253 2344 299 2376 Ut
322 2346 354 2375 te
376 2344 479 2384 ipsum
503 2345 579 2377 mihi
602 2350 743 2386 praestes

189 2402 312 2428 Dreves,
327 2401 448 2425 Historiae
461 2403 612 2432 rhythmicae.
628 2405 667 2429 VI.

902 211 947 242 Et
969 213 1001 243 te
1025 212 1119 244 dones
1144 215 1298 253 tamquam
1323 215 1434 254 pignus

950 258 1183 291 Promittentem
1190 269 1323 292 summas
1329 263 1440 294 vestes.

957 399 1002 430 In
1028 400 1058 431 3.
1085 398 1308 432 Nocturno.

1044 489 1235 525 Antiphonae.

843 555 872 587 1.
898 555 1106 594 Ingemiscens
1129 555 1311 596 Ieronymus

947 602 1084 633 caritatis
1110 603 1274 636 dulcedine

897 648 1036 687 Sumpsit
1061 657 1171 688 corpus
1198 649 1382 682 dominicum

944 695 1067 726 dicens:
1093 696 1180 726 salva
1204 704 1260 733 me,
1287 697 1428 732 Domine.

841 761 871 791 2.
896 759 986 790 Felix
1011 755 1128 803 [atque]
1153 760 1301 799 piissime,

940 814 1029 836 serve
1052 805 1112 837 Dei
1134 806 1307 847 Iemnyme,

896 852 954 890 Qui
979 852 1126 883 exhalans
1151 853 1348 885 exclamasti:

942 906 1051 936 pacem
1079 898 1119 929 da
1143 899 1227 938 mihi,
1253 899 1394 935 Domine.

840 964 871 995 3.
898 962 1018 1001 Corpus
1044 963 1133 993 tinsit
1158 990 1302 999 .....

942 1035 1089 1041 .....
1115 1009 1273 1048 Ieronymi

894 1054 986 1092 Quasi
1010 1055 1122 1085 solaris
1146 1056 1227 1086 radii

937 1101 1023 1132 missi
1047 1109 1066 1131 a
1088 1102 1164 1133 sede
1186 1102 1321 1135 Domini.

1023 1193 1226 1228 Responsoria.

838 1260 867 1291 1.
894 1259 993 1298 Regni
1019 1259 1160 1290 caelestis
1184 1261 1296 1299 gaudia

891 1305 1073 1336 Sanctorum
1099 1308 1130 1335 et
1152 1306 1304 1350 militiam,

891 1351 1006 1382 Vocem
1032 1351 1216 1383 clamantem
1242 1355 1387 1386 caelicam

933 1399 1081 1429 Astantes
1106 1404 1343 1437 persenserunt:

888 1444 977 1482 Veni,
1007 1444 1130 1482 dilecte,
1156 1446 1264 1485 accipe

887 1491 977 1522 Illam
1002 1490 1183 1522 immensam
1208 1493 1347 1535 gloriam,

888 1537 983 1576 Quam
1010 1536 1068 1567 tibi
1089 1540 1143 1568 tua
1167 1546 1263 1577 opera

933 1583 1100 1614 Praeclara
1122 1589 1310 1618 meruerunt.

816 1631 854 1662 V.
885 1629 1003 1661 Audito
1028 1630 1087 1660 hoc
1110 1631 1292 1671 Ieronymus

884 1676 1000 1707 Mentis
1032 1684 1100 1707 cum
1125 1685 1242 1709 summo
1267 1680 1380 1718 gaudio

889 1723 1060 1755 Clamavit:
1091 1731 1171 1766 ecce,
1199 1725 1300 1765 venio,

885 1769 940 1801 Pie
964 1769 1035 1800 Iesu
1059 1769 1201 1813 Domine,
1228 1772 1352 1811 suscipe

884 1816 980 1855 Quem
1004 1819 1056 1847 tuo
1082 1818 1275 1856 recuperasti

883 1862 1024 1893 Pretioso
1049 1864 1207 1903 sanguine.

825 1929 856 1959 2.
882 1927 970 1958 Tunc
994 1927 1095 1959 subito
1121 1928 1277 1968 disparuit

928 1973 998 2004 Lux
1020 1973 1078 2005 illa
1102 1977 1133 2006 et
1156 1976 1265 2016 gloria,

883 2019 959 2051 Cum
983 2021 1116 2053 animam
1141 2022 1298 2062 Ieronymi

880 2067 1064 2106 Fulgentem
1088 2069 1162 2100 solis
1187 2070 1285 2102 radiis

882 2113 991 2146 Carnis
1016 2115 1125 2146 solutis
1152 2116 1266 2148 debitis

927 2161 1014 2193 Caeli
1038 2163 1175 2201 suscepit
1200 2164 1301 2205 curia3

810 2208 846 2239 V.
875 2207 956 2239 Erat
979 2208 1124 2248 Cyrinus,
1145 2209 1287 2248 pontifex

925 2254 1135 2294 Ierosolymae
1155 2256 1252 2297 urbis,

878 2301 914 2333 In
940 2302 1055 2333 exstasi
1079 2302 1141 2334 iam
1166 2304 1296 2343 positus,

925 2348 1083 2381 Divinitus
1110 2350 1182 2383 dum
1207 2351 1297 2384 vidit.
