1650 2542
807 153 943 186 —78

292 243 323 273 5.
346 242 453 273 Victor
476 246 549 274 ovat
568 244 680 275 Xantis

397 290 445 319 ter
462 291 582 320 centum
599 292 648 320 ter
665 290 742 322 deca
757 290 882 330 sanctis,

345 333 426 365 Sunt
448 337 517 365 octo
540 336 625 374 passi

390 379 518 411 Bunnae
542 383 672 420 centum,
696 382 749 420 pie
774 381 868 413 Cassi.

276 433 313 464 R.
345 434 474 465 Colonia
495 438 612 473 sancta,
637 439 733 477 grata,

388 479 488 510 Tanto
511 481 612 519 gaude
635 482 768 523 nomine,

343 524 520 567 Rubricata,
549 530 728 558 consecrata

387 571 449 601 Tot
477 573 651 602 sanctorum
674 574 832 614 sanguino,

274 615 312 645 V.
340 614 504 655 Decorata,
532 616 693 650 defensata

387 661 486 693 Tanta
513 663 719 696 multitudine.

448 734 493 761 Ad
510 735 685 771 Mag-nificat.

268 783 321 818 A.'
336 788 381 819 Te
404 790 564 822 laudamus
591 793 725 824 omnium

336 833 499 874 Singulare
519 839 719 880 praesidium,

1056 245 1152 286 Deus,
1179 247 1264 279 cuius
1287 247 1423 279 numinis

1101 293 1194 325 Orbis
1215 294 1357 325 nationes

1007 339 1223 371 Per-lustrante
1246 340 1346 379 gratia

1007 384 1084 415 Tam
1108 385 1221 418 Africa
1247 395 1339 425 quam
1362 386 1443 417 Asia

1053 430 1139 462 Dant
1161 432 1309 470 Europae
1332 432 1475 463 terminis

1097 477 1248 509 Famosos
1271 478 1405 509 tirones:

1006 523 1197 562 Mauritium,
1228 523 1369 555 Cassium

1008 568 1189 609 Gereonem,
1216 569 1401 609 Gregorium

1051 615 1095 645 Et
1119 615 1276 647 Victorem
1300 617 1417 648 additis

1098 661 1223 693 Turmis
1248 663 1420 703 sociorum3

1003 706 1105 739 Tanta
1127 708 1328 740 multitudine

1001 753 1115 784 Passos
1138 763 1197 793 pro
1221 757 1275 787 tuo
1299 756 1432 796 nomine,

1048 799 1173 832 Summe
1197 802 1342 842 clemens,
1366 803 1485 835 meritis

1093 845 1187 878 Salva
1209 856 1267 879 nos
1292 857 1407 883 eorum.

342 897 409 924 Ood.
433 899 596 928 Bruxellen.
623 899 671 937 (ol.
695 904 870 941 Belisianus)
898 906 1046 936 9786—90
1075 918 1148 937 saec.
1176 909 1218 938 15.
1253 926 1290 930 —
1324 913 1366 939 In
1390 911 1415 940 3.
1444 914 1544 941 Noct.

267 930 289 958 Α
315 932 340 967 2,
361 932 379 962 3
408 940 549 964 maneant.
579 954 616 958 —
647 937 667 965 R
688 939 713 973 2,
733 939 752 968 4
778 942 937 972 Mam-icam
968 947 1081 980 eximii,
1110 949 1165 975 mit
1188 957 1243 976 nur
1268 949 1330 976 drei
1353 950 1449 977 Noten
1474 952 1544 979 iiber

266 979 300 996 er:
312 973 398 998 terem
423 973 536 1007 Wortc:
567 976 620 1003 lies
645 977 741 1005 Mauri
769 980 827 1006 iam
857 981 925 1009 oder
951 983 1049 1010 Mauri
1072 984 1166 1012 clam?
1194 1001 1232 1005 ——
1257 987 1311 1013 Am
1332 986 1468 1015 Schlusse
1495 989 1543 1015 des

268 1006 414 1036 Officiums
433 1009 523 1038 findet
541 1013 600 1039 sich
621 1015 696 1041 noch
716 1017 763 1042 ein
782 1017 982 1055 fiberzahliges
999 1021 1102 1055 Resp.:

650 1052 684 1078 R.
707 1053 855 1081 Transfert
874 1056 957 1083 Anno
978 1059 1135 1092 castigatus

742 1090 882 1125 Flagellis
904 1095 1062 1129 insignium

781 1127 911 1164 Corpora
927 1131 1102 1165 Maurorum,

706 1163 755 1191 Sic
774 1168 916 1194 correct-us
934 1169 982 1195 vir
1000 1169 1101 1196 beatus

744 1201 849 1229 Condit
868 1206 1024 1232 oratorium

778 1239 891 1267 Meritis
912 1250 1016 1276 eorum,

649 1274 684 1301 V.
706 1275 742 1301 In
762 1284 817 1310 quo
837 1277 916 1305 Deus
937 1282 1069 1307 exoratus

740 1312 875 1341 Admittit
892 1314 1020 1343 fidelium

777 1350 854 1378 Vota
871 1353 1050 1387 populorum.

261 1386 318 1411 und
353 1388 511 1416 aurs-erdem
547 1392 611 1419 eine
645 1394 736 1422 Reihe
763 1404 821 1423 von
855 1398 1052 1434 Antiphonem
1087 1402 1174 1430 deren
1209 1404 1407 1441 Bestimmung
1435 1407 1540 1434 unklar

263 1423 360 1450 bluibt.
403 1425 558 1455 Vielleicht
577 1429 683 1457 sollten
703 1433 745 1460 sie
763 1442 815 1468 per
835 1435 973 1464 Octavam
993 1437 1110 1466 dienen:

493 1481 517 1509 1.
537 1484 659 1521 Singula
679 1489 705 1515 si
727 1492 826 1517 sancto
846 1493 938 1520 cuivis
958 1496 1105 1522 veneratio
1126 1496 1215 1531 detur,

536 1522 597 1549 Ista
615 1523 676 1552 dies
696 1529 801 1558 quant-o
822 1530 994 1557 reverendus
1013 1531 1121 1560 honore
1143 1534 1271 1562 coletur?

490 1565 516 1593 2.
535 1568 571 1595 In
590 1578 648 1604 qua
666 1573 717 1605 tot,
737 1574 812 1600 tanti
830 1583 882 1609 pro
903 1576 1011 1604 Christi
1030 1580 1146 1606 nomine
1164 1583 1258 1607 sancti

535 1605 652 1641 Absque
670 1609 746 1644 fugis
766 1611 858 1638 cultro
878 1621 908 1639 se
923 1613 992 1640 dant
1010 1616 1168 1650 gaudenter
1182 1619 1210 1644 et
1223 1618 1307 1646 ultro.

489 1648 516 1677 3.
536 1651 636 1680 Sancti
654 1657 801 1683 tentant-ur
821 1660 850 1684 et
867 1659 899 1684 in
919 1659 1018 1686 ordine
1034 1661 1080 1688 bis
1102 1662 1287 1698 decimantur,

573 1690 701 1722 Quilibet
718 1692 839 1720 ulterior
857 1696 959 1722 nititur
978 1705 1042 1724 esse
1061 1700 1148 1733 prior.

486 1731 512 1759 4.
533 1733 621 1761 Arma
638 1740 743 1771 gerunt
759 1738 827 1765 fidei
845 1740 955 1768 Thebei
978 1744 1073 1770 animo
1093 1745 1193 1778 rabiei,

572 1771 652 1804 Quae
672 1776 741 1800 sunt
758 1777 833 1811 regis
855 1778 881 1804 ei
901 1778 993 1806 dando
1010 1781 1130 1817 Deoque
1148 1783 1213 1810 Dei.

488 1813 513 1841 5.
533 1816 727 1847 Maximianus
748 1829 796 1848 eos
817 1824 929 1858 occidit,
950 1834 1022 1859 quos
1045 1827 1124 1855 dedit
1142 1828 1211 1862 Eos,

572 1854 650 1882 Cur?
670 1858 740 1891 quia
760 1858 915 1888 Caesareos
934 1870 993 1889 non
1012 1864 1127 1892 coluere
1146 1866 1223 1894 deos.

488 1896 513 1925 6.
533 1899 580 1927 Ad
598 1905 718 1930 mortem
737 1907 830 1940 proni,
850 1916 906 1942 quo
928 1917 979 1936 vos
1000 1910 1076 1938 datis
1097 1912 1174 1940 ultro
1194 1917 1331 1949 mucroni,

535 1936 699 1967 Confer-tate
721 1942 791 1969 boni
809 1952 893 1978 prece
912 1954 965 1973 nos
984 1948 1016 1974 in
1036 1956 1129 1984 agone
1147 1953 1270 1985 patroni,

530 1974 599 2002 Arte
619 1976 780 2006 diabolicae
798 1981 907 2009 fraudis
928 1992 966 2010 ne
985 1985 1159 2019 deficiamus,

531 2011 621 2039 Immo
641 2015 779 2044 mirificae
797 2017 871 2045 lucis
891 2022 1020 2056 requiem
1040 2025 1196 2058 capiamus.

255 2050 402 2084 Hymnen:
428 2054 527 2083 Gaude
551 2058 636 2086 tellus
661 2061 808 2090 fructuosa
832 2062 925 2098 (Anal.
944 2068 1060 2103 xxm,
1083 2067 1135 2097 188
1160 2069 1213 2105 sq.)
1236 2073 1296 2099 und
1314 2073 1394 2101 Deus
1423 2077 1537 2103 tuorum

254 2087 378 2115 militum
396 2088 442 2124 (de
461 2093 579 2127 comm.)-

703 2170 748 2200 27.
778 2172 820 2202 De
841 2175 948 2205 sancta
969 2175 1087 2207 Gudila.

391 2240 433 2271 In
464 2242 493 2273 1.
518 2244 732 2284 Vesperis.

266 2312 295 2343 1.
320 2312 416 2345 Festa
439 2315 538 2348 refert
560 2327 658 2352 annus

367 2361 456 2393 nobis
481 2364 586 2396 votiva
608 2368 756 2409 reclusus,

988 2236 1026 2267 In
1051 2237 1162 2276 quibus
1184 2239 1365 2275 aethereum

1035 2285 1217 2317 conscendit
1241 2286 1359 2320 Gudila
1382 2299 1523 2334 regnum,

986 2328 1049 2360 Hic
1075 2330 1199 2363 Christo
1224 2332 1391 2378 famulans,

1034 2376 1102 2407 illic
1123 2386 1228 2410 secum
1253 2382 1345 2416 modo
1370 2392 1513 2423 regnans
