1650 2542
778 132 1031 167 —122—

276 219 306 250 2.
331 218 487 251 Summum
511 223 668 261 pastorum

377 270 450 303 post
472 267 549 298 haec
573 267 702 299 festinat
725 270 822 310 adire,

330 309 453 343 Limina
477 312 659 345 Sanctorum

380 357 463 389 Petri
488 359 637 399 Paulique
660 361 775 401 subire,

329 402 373 433 Ut
394 412 452 442 per
477 413 528 436 eos
553 406 656 437 valeat

377 457 444 479 cum
469 450 592 482 Christo
617 451 725 484 foedus
750 453 839 494 inire,

262 492 297 523 V.
326 494 390 532 Quo
414 504 470 526 sua
493 505 578 527 mens
602 501 734 536 nequeat

375 549 394 570 a
416 542 575 580 proposito
599 544 729 577 resilire.

271 594 300 624 3.
328 594 451 633 Sergius
475 595 648 628 Hubertum

371 640 488 672 Romae
513 642 584 673 dum
609 644 702 675 sciret
727 646 846 687 adesse,

327 686 379 716 llli
402 687 602 720 Lambertum

371 732 512 765 Dodonis
536 737 659 767 nuntiat
683 745 751 768 esse

326 777 466 809 Occisum
490 781 571 820 telis,

370 826 512 863 quoniam
541 825 601 858 fuit
625 836 678 859 ore
701 829 814 870 fidelis,

253 869 290 901 V.
321 869 492 903 Damnator
516 874 646 905 Veneris

366 918 608 956 superinductae
629 921 777 952 mulieris.

378 1037 422 1068 In
449 1040 478 1071 2.
505 1039 731 1074 NocturnO.

465 1111 656 1146 Antiphonae.

267 1164 295 1194 l.
320 1164 358 1195 In
382 1165 523 1198 lamentis
548 1169 684 1200 resoluta

360 1211 420 1242 Est
443 1213 636 1253 Tungrorum
660 1216 755 1255 regio,

316 1254 419 1288 Grave
444 1259 586 1291 damnum
613 1266 778 1293 consecuta

359 1303 519 1336 Lamberti
541 1307 699 1345 martyrio,

315 1347 429 1381 Exstat
451 1360 578 1390 prorsus
605 1353 754 1385 destituta

361 1396 499 1428 Pastoris
523 1399 643 1431 solatio,

258 1449 288 1479 2.
313 1448 394 1480 Dum
417 1452 534 1490 quievit
556 1455 588 1486 in
613 1465 725 1490 aurora

362 1495 480 1536 Corpus
503 1509 605 1540 papae
629 1505 738 1547 Sergii,

312 1540 485 1575 Dornnenti
508 1546 578 1585 ipsa
601 1549 679 1581 hora

359 1588 515 1622 Praedicti
538 1597 692 1638 martyrii,

310 1633 468 1673 Apparuit
491 1638 557 1670 sine
579 1650 669 1674 mora

355 1681 493 1721 Angelus
518 1688 649 1720 consilii.

251 1734 282 1765 3.
307 1733 384 1765 Rem
408 1736 568 1771 Lamberti
591 1746 694 1775 notam
719 1744 779 1776 fuit

354 1781 469 1815 Divina
490 1786 611 1829 relatio,

308 1826 385 1858 Rem
409 1828 542 1863 Huberti
565 1834 715 1872 patefecit

354 1874 529 1909 Dormienti
552 1879 669 1921 Sergio,

306 1920 528 1960 Argumentum
552 1926 599 1958 his
624 1929 756 1962 subiecit

350 1966 460 1999 Bacuh'
486 1973 660 2007 translatio.

436 2051 638 2087 Responsoria.

249 2101 279 2135 1,
304 2101 428 2143 Sergius
453 2110 599 2148 angelicis

348 2152 472 2184 monitis
498 2164 610 2193 parere
633 2161 793 2205 probatur,

302 2195 399 2228 Mitra
421 2200 578 2237 pontificis

347 2243 505 2277 Hubertus
531 2251 763 2295 condecoratur,

302 2288 354 2319 Sic
377 2291 457 2328 gerit
480 2292 639 2328 Hubertus

346 2336 484 2376 Insignia
506 2342 713 2388 pontificatus,

932 226 967 260 V.
997 227 1180 269 Priusquam
1205 231 1391 265 Lambertus

1046 278 1094 306 est
1117 285 1136 307 a
1158 277 1291 310 Dodone
1316 285 1452 314 necatus,

941 329 971 360 2.
998 329 1074 362 Post,
1097 330 1189 364 funus
1213 334 1304 366 triste

1042 377 1204 410 Lamberti
1227 382 1374 421 martyris
1398 382 1458 413 iste

997 422 1125 455 Praesul
1149 427 1289 458 succedit

1041 472 1073 500 et
1094 471 1129 501 in
1153 472 1218 503 eius
1243 474 1319 505 sede
1341 475 1469 513 resedit,

993 514 1050 552 Qui
1074 525 1205 557 peregre
1229 521 1323 562 venit,

1037 563 1181 595 mitratus
1206 565 1245 596 ab
1270 566 1349 597 urbe
1373 568 1503 607 recedit,

922 605 958 636 V.
990 607 1042 639 Sic
1065 608 1150 641 Deus
1174 611 1303 644 adcedit

1034 654 1092 694 illi,
1119 664 1209 694 quem
1235 660 1336 697 gratia
1360 660 1445 692 lenit.

934 708 964 739 3.
992 708 1172 749 Praecipuis
1196 714 1316 745 meritis

1036 759 1068 786 et
1091 759 1241 798 sanguine
1265 761 1367 792 clarus
1392 772 1521 795 avorum

988 800 1099 834 Servet
1123 804 1162 835 ab
1186 805 1307 837 illicitis

1032 857 1088 880 nos
1139 852 1260 883 actibus
1311 857 1405 894 atque
1452 865 1525 895 pra-

1305 910 1424 941 vorum,

985 939 1049 972 Nos
1071 941 1169 974 faciat
1191 946 1316 977 monitis

1030 990 1164 1021 attentos
1189 991 1390 1036 eloquiorum,

917 1032 949 1063 V.
982 1032 1111 1066 Inclitus
1137 1039 1169 1066 et
1191 1037 1275 1068 mitis

1029 1080 1189 1113 Hubertus
1213 1085 1324 1116 semita
1347 1095 1476 1120 morum.

1036 1201 1081 1233 In
1108 1204 1138 1235 3.
1164 1203 1392 1240 Nocturno.

1119 1285 1310 1321 Antiphonae.

922 1347 951 1377 1.
979 1347 1090 1380 Curam
1115 1360 1209 1391 agens
1234 1354 1461 1395 Tungrensium

1025 1395 1156 1434 Sparsas
1181 1408 1254 1431 oves
1280 1407 1448 1444 congregat

976 1439 1018 1470 Et
1038 1443 1079 1473 ad
1104 1443 1254 1477 bonarum
1278 1449 1380 1480 ovium

1021 1487 1153 1529 Gregem
1176 1492 1248 1524 illos
1273 1500 1431 1536 aggregat,

975 1533 1104 1567 Pietatis
1129 1536 1266 1571 officium

1019 1580 1105 1613 Nulli
1128 1592 1257 1622 prorsus
1282 1588 1424 1629 denegat.

916 1634 946 1665 2.
973 1633 1052 1666 Oves
1075 1635 1175 1670 fessas
1200 1641 1386 1677 sublevabat,

1018 1680 1155 1715 Salutari
1179 1686 1289 1720 baculo

970 1725 1013 1756 Et
1037 1728 1211 1764 confractas
1235 1735 1391 1768 solidabat

1018 1774 1165 1808 Caritatis
1194 1780 1328 1822 vinculo,

969 1820 1177 1859 Aegrotantes
1198 1830 1394 1862 sustentabat,

1015 1866 1157 1906 Spiritali
1181 1873 1306 1911 pabulo.

912 1920 942 1951 3.
968 1920 1100 1962 Magnus
1127 1930 1194 1958 erat
1219 1932 1396 1964 consolator

1013 1969 1144 2012 Horum,
1171 1976 1282 2014 quibus
1306 1979 1456 2019 praefuit,

967 2013 1194 2054 oppressorum
1218 2023 1399 2057 sublevator

1013 2062 1081 2093 Illis
1106 2074 1261 2105 nunquam
1288 2070 1397 2114 defuit,

966 2106 1163 2143 Infirmorum
1186 2114 1339 2156 visitator,

1012 2154 1127 2192 Quibus
1151 2167 1274 2200 semper
1299 2163 1411 2199 adfuit.

1098 2249 1302 2286 Responsoria.

910 2308 939 2341 1.
966 2309 1094 2347 Quando
1119 2324 1207 2349 suum
1232 2322 1326 2354 scivit

1011 2366 1121 2400 corpus
1148 2364 1263 2399 debere
1286 2372 1402 2404 resolvi
