1650 2542
722 139 965 174 —209—

270 220 339 252 Tua
362 232 421 255 vox
448 227 496 256 est
520 227 620 261 dulcis

314 268 346 298 in
371 278 447 302 aure
470 271 605 315 Domini,

269 313 354 352 Quae
376 324 489 354 pausas

315 361 371 393 sub
395 363 505 395 umbra
532 366 639 400 dilecti

269 405 320 436 Ab
350 411 438 441 aestu
462 412 581 452 mundi,

266 451 418 486 Transfer
437 465 495 488 nos

310 499 352 530 ad
376 509 506 534 amoena
530 506 687 546 paradisi3

196 542 230 573 V.
261 544 406 587 Pulchre,
433 548 507 580 Sion
532 549 607 591 filia,

263 592 325 623 Pro
350 595 476 626 mortali
501 597 606 629 tunica

261 637 345 677 Agni
369 642 453 672 tecta
476 643 593 675 vellere

259 683 304 715 Et
329 693 443 720 corona
466 689 594 728 gloriae.

203 739 233 770 2.
259 739 346 772 Ense
372 751 461 775 caeso
485 745 630 786 virginali

261 785 348 818 Collo
373 789 460 829 signo
486 792 615 830 speciali

307 833 460 874 Sponsam
484 846 616 877 sponsus
641 841 794 881 virginum

216 918 219 921 Ι
254 879 343 911 Inter
363 890 494 922 sponsas
514 884 688 928 honoravit,

256 925 355 957 Lacte
377 929 488 960 vulnus
514 939 583 962 cum
606 936 754 975 manavit,

303 973 406 1005 Rosae
429 975 559 1016 iungens
584 979 692 1014 lilium,

187 1016 223 1046 V.
253 1018 347 1059 Pape‚
374 1024 460 1053 serta
484 1023 660 1057 Katharina

299 1065 375 1097 Cum
400 1071 512 1100 ornatu
535 1071 621 1102 vario

252 1111 417 1144 Cumulata
440 1117 547 1152 portat
570 1118 654 1149 trina

296 1157 415 1191 Fructu
441 1163 627 1195 centenario.

194 1212 224 1243 3.
253 1212 277 1244 O
304 1213 421 1245 Christi
445 1216 557 1257 pietas,

299 1268 317 1290 o
342 1260 441 1292 virtus
466 1265 558 1302 atque
582 1268 731 1307 potestas,

249 1305 391 1346 Virginis
416 1316 453 1339 ex
475 1310 622 1342 membris

296 1353 379 1384 sacri
402 1352 472 1386 fluit
494 1357 579 1388 unda
603 1358 743 1400 liquoris,

247 1397 341 1429 Unde
365 1398 444 1431 fides
469 1403 571 1442 aegris

292 1444 433 1479 infundit
457 1448 539 1480 dona
561 1450 688 1492 salutis,

176 1489 212 1520 V.
245 1490 382 1531 Virginis
407 1494 446 1525 ob
469 1496 614 1527 meritum

290 1541 396 1570 manet
420 1540 479 1572 hoe
502 1544 705 1576 memorabile
726 1546 787 1585 sig-

563 1599 645 1624 num.

183 1631 214 1664 4.
241 1631 266 1663 Ο
289 1634 391 1663 mater
412 1636 528 1676 nostra,

287 1680 336 1709 ter
360 1683 470 1711 saneta
494 1684 666 1723 quaterque
683 1684 783 1726 beata,

240 1724 317 1757 Cum
342 1734 437 1764 prece
464 1727 577 1760 devota

283 1770 488 1805 famulantum
511 1775 636 1815 suscipe
660 1780 742 1818 vota,

170 1817 208 1849 V.
236 1817 303 1849 Iam
330 1818 453 1851 Christo
477 1821 582 1853 iuncta

284 1873 460 1905 sponsoque
484 1869 536 1899 tuo
560 1869 687 1902 sociata.

320 1996 366 2028 In
389 1997 617 2033 Laudibus,

342 2070 435 2106 Super
454 2072 593 2101 Psalmos.

157 2126 198 2158 A.
228 2127 374 2166 Regnans
399 2132 511 2169 regnat
533 2130 698 2172 Dominus,

224 2173 345 2206 Mundo
371 2173 474 2207 factus
498 2178 667 2210 comminus

272 2219 382 2252 Carnis
407 2231 465 2261 per
488 2225 661 2266 materiam,

224 2266 434 2300 Katharinam
458 2270 610 2311 virginem

225 2313 283 2352 Qui
308 2322 366 2353 per
389 2315 503 2348 luctam
535 2319 688 2352 celebrem

270 2360 459 2394 Transvexit
484 2365 525 2396 ad
548 2366 693 2405 patriam.

205 2419 334 2448 Dreves,
350 2419 471 2445 Historiae
485 2422 637 2450 rhythmicae.
667 2426 706 2450 VI.

1053 236 1098 263 Ad
1116 237 1296 268 Benedictus.

867 292 906 324 A.
934 293 1123 325 Benedictus
1147 293 1298 329 Dominus

982 339 1080 370 omnis
1106 343 1275 382 creaturae,

936 384 1028 417 Ultra
1052 394 1174 417 cursum
1197 386 1279 420 filius

979 432 1107 471 virginis
1131 435 1271 475 naturae,

936 477 1143 510 Katharinam
1168 480 1317 521 virginem

982 524 1076 556 hodie
1099 534 1208 557 secure

935 569 992 606 Qui
1020 571 1104 602 locat
1125 575 1198 611 post
1218 575 1380 616 proelium,

933 616 1099 656 Triumphi
1126 618 1198 650 dum
1223 622 1369 660 gaudium

979 662 1043 694 Dat
1066 664 1148 696 vitae
1172 664 1304 700 futurae.

1041 794 1120 825 Per
1143 795 1289 828 Horas.

1062 876 1108 903 Ad
1125 878 1260 906 Primam.

856 931 896 962 A.
926 933 1004 973 Ave,
1032 933 1119 973 virgo
1144 935 1279 973 gloriosa

974 979 1088 1010 clarior
1112 980 1276 1021 sideribus,

927 1023 1020 1055 Cuius
1043 1026 1161 1056 vultum
1188 1030 1219 1058 et
1242 1028 1385 1061 decorem

972 1071 1150 1109 concupivit
1172 1073 1333 1114 Dominus,

923 1117 1037 1148 Funde
1059 1126 1169 1157 preces
1195 1122 1327 1152 creatori

968 1172 1026 1202 pro
1051 1163 1112 1195 tuis
1136 1166 1339 1205 supplicibus

1059 1246 1104 1273 Ad
1123 1248 1258 1275 Tertiam.

848 1300 888 1332 A.
919 1300 996 1342 Ave,
1022 1311 1143 1341 gemma
1168 1305 1319 1338 claritatis

964 1348 1006 1378 ad
1029 1348 1130 1380 instar
1153 1351 1344 1394 carbunculi,

916 1393 995 1433 Ave,
1021 1403 1093 1426 rosa
1116 1398 1267 1439 paradisi,

962 1449 1049 1471 more
1073 1440 1211 1482 fraglans
1237 1444 1377 1488 balsami,

917 1486 1103 1527 Katharina,
1129 1490 1217 1529 virgo
1242 1490 1319 1524 felix

962 1533 1099 1572 gloriosa
1121 1536 1250 1579 meritis,

914 1579 1107 1612 Assistentes
1130 1582 1192 1613 tuis
1217 1582 1306 1616 festis

959 1627 1037 1657 caeli
1069 1627 1162 1668 iunge
1184 1631 1316 1669 gaudiis.

1054 1710 1099 1737 Ad
1118 1710 1244 1740 Sextam.

841 1765 879 1796 A.
909 1765 1068 1805 Exspecto
1093 1777 1151 1808 pro
1175 1772 1208 1801 te
1230 1772 1378 1812 gladium,

956 1814 1038 1853 Iesu,
1064 1823 1120 1846 rex
1144 1815 1233 1858 bone,

909 1859 957 1890 Tu
979 1868 1081 1891 meum
1107 1862 1148 1893 da

954 1907 1101 1944 paradiso
1128 1909 1273 1948 spiritum

906 1951 951 1983 Et
974 1951 1026 1984 fac
1049 1954 1297 1989 misericordiam

907 1997 1011 2030 Meam
1037 2001 1200 2040 agentibus
1225 2007 1417 2041 memoriam.

1049 2083 1094 2111 Ad
1113 2085 1235 2113 Nonam.

830 2139 870 2169 A.
900 2139 989 2178 Quod
1013 2140 1121 2183 sitivit,
1150 2146 1389 2189 contemplatur,

902 2186 1150 2226 contemplando
1178 2190 1361 2233 delectatur,

946 2232 1133 2267 Delectanto
1158 2235 1274 2270 fruitur

898 2278 943 2310 Et
967 2278 1099 2313 fruendo
1124 2285 1268 2325 satiatur,

899 2325 1020 2359 Satiata
1043 2337 1105 2360 non
1129 2335 1287 2372 gravatur,

948 2373 1029 2405 Dum
1054 2376 1130 2417 sitit,
1157 2386 1217 2417 quo
1240 2380 1389 2418 pascitur.

1240 2432 1275 2461 14
