1650 2542
698 90 919 125 —35-

591 181 633 212 10.
668 181 711 212 De
730 182 836 212 saneto
859 180 1021 211 Florentio.

305 250 405 283 1111.
433 250 643 288 Vesperis.

374 323 567 357 Antiphonae.

181 379 209 411 1.
237 379 367 411 Inelitus
392 383 439 410 est
462 380 588 418 praesul

282 426 366 456 omni
389 426 585 457 venerandus
609 427 641 457 in
666 435 753 466 aevo,

238 471 332 504 Cuius
356 472 422 503 vita
443 471 503 503 fuit

281 518 349 549 sine
372 519 458 557 turpi
481 516 594 550 florida
616 528 725 562 naevo,

234 565 329 603 Quem
356 564 496 596 Christus
520 574 638 596 summo

286 611 365 642 caeli
390 614 556 642 veneratur
580 612 707 652 honore,

237 658 331 689 Hunc
354 666 410 688 nos
432 657 465 688 in
488 658 581 688 terris

287 712 360 734 vero
385 712 568 735 veneremur
593 712 697 735 amore

180 759 211 791 2.
241 759 274 789 In
296 758 396 797 patris
423 759 555 789 exsultet

285 803 375 835 festis
399 805 524 835 Alsatia
548 808 623 847 tota,

237 851 298 882 Pro
325 851 410 881 ouius
436 851 554 881 meritis

285 896 414 927 rutilant
438 897 589 927 miracula
612 900 696 928 nota.

180 953 209 983 3.
236 952 302 988 Vir,
327 951 385 981 flos
406 951 577 990 Scotorum,

279 997 459 1029 Florentius
486 998 602 1028 Hasela
625 998 719 1036 venit,

236 1043 376 1075 Devotae
400 1044 500 1082 gentis

283 1089 336 1120 ubi
362 1092 480 1120 mentes
507 1090 649 1129 dogmate
673 1091 758 1123 lenit.

177 1148 208 1177 4.
235 1145 358 1176 Mansio
383 1145 507 1175 siderea

283 1191 375 1222 datur
399 1191 448 1221 his
473 1195 505 1221 et
528 1190 750 1230 glorificantur,

236 1238 320 1269 Rore
344 1237 392 1267 sui
418 1237 505 1269 verbi

284 1284 366 1314 sacri
392 1284 565 1322 quicunque
588 1284 737 1322 rigantur.

179 1343 208 1372 5.
234 1339 388 1377 Tempore
412 1347 471 1378 quo
496 1338 618 1370 validus

285 1385 477 1424 Dagobertus
501 1393 597 1424 regna
621 1385 757 1425 regebat,

237 1432 323 1463 Inter
347 1431 506 1462 silvestres

283 1485 393 1516 vepres
418 1477 549 1510 eremita
573 1478 728 1516 manebat,

237 1525 299 1555 I-Iic
323 1524 490 1555 interdicto

282 1571 421 1609 pecudes
446 1569 573 1601 arcebat
598 1570 698 1609 agello

236 1618 387 1655 Quattuor
411 1615 526 1648 adfixis

282 1663 377 1702 virgis
402 1663 433 1694 in
458 1670 531 1694 rure
555 1662 688 1695 novello.

165 1721 202 1751 R.
233 1720 345 1759 Exigui
371 1719 452 1750 ruris

281 1766 466 1798 varia-dum
490 1767 582 1803 parte
606 1767 721 1796 stetere

237 1812 291 1843 Bis
316 1812 407 1843 binae
430 1812 544 1851 virgae,

281 1868 343 1890 non
368 1858 453 1889 culta
475 1857 561 1888 ferae
586 1858 727 1897 tetigere,

234 1906 361 1937 Ieiunae
384 1903 509 1935 fuerant

280 1952 433 1991 longaque
457 1949 539 1982 fame
563 1959 715 1993 gemuere,

166 2000 201 2030 V.
234 1999 331 2031 Iussis
356 1998 510 2037 parebant

283 2045 445 2085 sanctique
468 2048 567 2075 metas
592 2044 751 2077 tenebant.

344 2119 388 2146 Ad
407 2117 584 2154 Magnifieat.

163 2179 201 2209 A.
230 2177 393 2208 Venantur
418 2174 527 2207 famuli

279 2223 361 2262 regis
387 2231 445 2262 per
469 2222 561 2254 devia
584 2222 693 2264 lustra,

233 2272 424 2309 (quaerentes
449 2269 600 2308 praedam

277 2317 338 2348 sibi
349 2325 408 2356 per
418 2317 489 2348 loca
500 2315 636 2355 plurima
648 2313 776 2354 frustra,

904 249 1040 289 Agmina
1061 258 1122 280 non
1146 252 1281 287 pereunt

953 295 1079 327 canibus
1113 295 1268 326 condensa
1294 293 1440 334 ferarum,

904 342 974 373 Non
1000 351 1075 373 arcu
1098 339 1191 381 tingit

952 389 1097 419 tellurem
1122 388 1247 427 sanguis
1269 396 1383 418 earum.

968 491 1028 522 Ad
1053 490 1313 521 Matutinum.

1030 563 1244 590 Invitatorium.

903 621 941 652 In
968 628 1027 659 quo
1052 619 1238 658 praelustris

951 664 1110 697 confessor
1133 663 1239 695 floruit
1261 664 1330 703 iste,

905 712 1095 751 Suppliciter
1118 711 1252 749 petimus

952 759 992 789 da
1015 758 1104 789 nobis
1127 757 1249 798 gaudia,
1278 756 1409 790 Christe,

965 860 1011 891 In
1037 859 1066 892 1.
1092 858 1317 889 Nocturno.

1049 931 1241 966 Antiphonae.

869 1011 876 1018 .
904 987 1048 1019 Obiciunt
1075 986 1190 1017 famulo

949 1033 1067 1065 Christi
1089 1032 1197 1063 famuli
1220 1032 1390 1071 Dngoberti

901 1079 990 1110 Artis
1015 1088 1092 1118 opus
1117 1079 1264 1118 magicae2

950 1126 988 1156 de
1012 1124 1095 1156 facto
1120 1134 1181 1156 non
1207 1125 1286 1155 bene
1310 1124 1403 1155 certi.

845 1198 852 1204 ·
870 1214 877 1221 .
902 1189 983 1221 Dum
1008 1192 1171 1222 venatores

950 1236 1066 1268 Christi
1090 1237 1209 1267 laesere
1237 1236 1390 1272 clientem,

902 1282 971 1313 Non
997 1291 1123 1313 sensere
1146 1282 1246 1313 Deum

950 1337 1008 1367 pro
1036 1331 1143 1360 saneto
1168 1328 1248 1359 mira
1272 1329 1439 1367 gerentem.

868 1420 874 1426 .
900 1394 1000 1424 Terra
1023 1393 1177 1432 paludosa

949 1440 1076 1471 caelesti
1101 1440 1132 1471 vi
1157 1439 1297 1478 spatiosa

901 1486 1014 1517 Servos
1038 1486 1173 1525 vexavite

948 1531 1069 1564 facinus
1093 1532 1233 1563 vindicta
1257 1532 1365 1570 piavit.

1044 1615 1249 1650 Responsoria.

872 1697 878 1703 .
905 1671 1013 1702 Turba
1038 1670 1169 1710 fatigata

949 1718 1059 1749 veniae.
1082 1718 1140 1749 sibi
1169 1718 1251 1749 dona
1274 1717 1421 1756 reposcit,

903 1765 932 1795 A
958 1764 1075 1796 Christi
1099 1773 1200 1800 servo,

948 1811 1074 1842 sceleris
1098 1811 1171 1842 dum
1196 1810 1287 1842 devia
1311 1810 1420 1851 noscit,

866 1883 872 1890 .
903 1858 1041 1889 Exaudit
1066 1856 1176 1888 flentes

948 1905 1083 1936 clemens
1108 1906 1238 1943 peecata
1263 1902 1408 1935 fatentes.

873 1995 878 2001 .
903 1969 955 2000 Ad
979 1977 1082 2008 regem
1109 1970 1191 2000 versi

950 2019 1080 2047 narrant
1104 2015 1222 2047 inventi
1248 2018 1434 2055 stupentem„

903 2062 947 2093 Et
970 2064 1054 2102 quod
1080 2064 1119 2094 de
1142 2064 1250 2094 saneto

950 2110 1101 2149 pandunt,
1125 2110 1236 2141 audire
1261 2109 1426 2146 volentem,

866 2181 871 2188 .
903 2155 1056 2187 Devotum
1080 2165 1213 2197 semper,

950 2205 1074 2234 sanctos
1100 2207 1130 2235 et
1154 2204 1223 2235 iura
1248 2203 1410 2235 colentem.

871 2292 879 2299 .
905 2268 964 2299 Pro
991 2267 1109 2300 Christi
1134 2277 1224 2300 servo

951 2323 1005 2346 rex
1014 2316 1111 2346 mittit
1119 2324 1228 2355 equum
1235 2315 1309 2356 pha]
1314 2318 1444 2355 eratum,

1240 2368 1257 2398 3
1264 2368 1279 2384 >k
