1650 2542
636 142 865 176 -79-

235 227 296 258 Ad
320 229 583 266 Matutinum.

307 293 519 323 Invitatorium.

172 337 289 377 Regem
314 341 468 373 caelorum

174 384 272 416 Voces
299 387 477 419 collaudent
501 394 692 432 cunctorum,

173 430 232 469 Qui
257 431 405 465 Gudilam
429 434 595 476 benignam

174 476 362 510 Caelestium
385 482 580 514 mansionum

173 522 264 555 Fecit
288 533 356 557 esse
382 527 516 567 dignam.

231 616 276 648 In
303 618 333 650 1.
361 619 592 654 Nocturno.

309 681 500 718 Antiphonae.

112 734 141 766 1.
168 735 228 767 His
253 736 342 769 festis
366 740 499 772 mundus

214 783 304 815 iubili
328 785 370 816 sit
394 786 511 818 honore
533 788 698 833 iucundum,

170 827 359 862 Collaudans
386 831 532 865 Gudilam

214 876 307 907 claris
333 879 489 910 natalibus
515 882 625 914 ortam.

108 931 137 962 2.
165 930 305 970 Angelus
330 934 487 974 egregium

211 979 372 1015 praedixit
397 980 525 1020 virginis
550 985 652 1013 ortum

166 1023 267 1055 Tanto
292 1026 497 1068 praeclarum,

211 1071 344 1102 saeculis
371 1075 518 1111 quantum
543 1077 634 1107 antea
658 1085 708 1107 ra-

484 1129 563 1151 rum.

106 1169 137 1202 3.
159 1169 248 1201 Haec
270 1171 366 1211 igitur
390 1175 513 1205 teneros

209 1219 400 1257 consumpsit
415 1220 584 1254 virtutibus
598 1232 705 1264 anHOS,

162 1263 313 1295 Reddens
338 1267 413 1297 vota
436 1266 503 1298 Deo

206 1310 382 1343 redolentia
405 1313 509 1344 cordis
533 1313 572 1345 ab
596 1315 668 1347 imo.

220 1402 262 1433 In
288 1404 319 1436 2.
345 1403 376 1434 N
388 1413 406 1435 o
417 1407 574 1438 cturno.

299 1466 493 1502 Antiphonae.

102 1520 132 1553 1.
160 1521 261 1553 Nocte
285 1523 342 1554 sub
368 1524 501 1557 obscura

205 1567 274 1600 fusa
284 1570 323 1601 ad
334 1570 500 1603 Dominum
509 1581 603 1612 prece
612 1583 701 1615 pura,

847 238 982 270 Caelitus
1006 247 1136 270 accensa

887 284 1038 324 pergebat
1059 285 1205 325 lampade
1227 288 1320 320 laeta.

785 359 816 389 2.
842 358 1000 390 Ecclesias
1025 360 1097 391 totis

885 405 1091 437 venerabatur
1115 416 1236 446 quoque
1259 409 1347 451 votis⁷

842 451 980 482 Pectoris
1004 452 1127 484 interna

886 495 967 528 facie
991 499 1145 531 cernendo
1168 509 1311 539 superna.

785 571 815 602 3.
843 570 867 602 O
891 571 945 609 pia
970 571 1066 611 virgo,
1092 573 1153 603 tuis

887 616 994 648 confer
1017 617 1163 658 suffragia
1186 620 1294 659 servis,

839 663 884 695 Ut
906 663 965 694 tibi
992 664 1095 696 devoti

886 709 949 740 sint
972 712 1003 741 et
1027 711 1059 742 in
1085 711 1212 743 aethere
1230 712 1306 745 noti.

900 848 945 879 In
971 850 1001 882 3.
1028 849 1246 883 Nocturno.

977 949 1168 984 Antiphonae.

779 1011 809 1042 1.
838 1012 962 1055 Gudila,
989 1014 1076 1054 virgo
1096 1015 1167 1058 Dei⁷

881 1060 1023 1091 caelestis
1048 1061 1118 1092 iura
1143 1063 1293 1103 triumphi

835 1104 964 1144 Semper
988 1106 1106 1139 habens
1131 1109 1233 1140 animo

881 1152 1038 1184 Christum
1062 1154 1209 1186 servabat
1232 1156 1265 1187 in
1289 1157 1361 1190 imo.

776 1225 805 1255 2.
832 1226 1026 1264 Pauperibus
1050 1236 1172 1260 mensas

877 1273 978 1304 Praeb
983 1282 1036 1304 ens
1046 1275 1235 1307 velutaltera
1241 1276 1372 1316 Dorcas,

829 1317 911 1356 Ipsis
934 1320 1095 1362 concessit,

877 1373 1077 1405 quaecunque
1093 1367 1256 1405 potissima
1266 1369 1371 1407 gessit.

773 1438 804 1471 3.
830 1438 898 1469 Rex
922 1439 974 1479 pie
1000 1441 1165 1481 caelorum,

875 1494 957 1516 nune
981 1487 1104 1526 suscipe
1129 1491 1202 1519 vota
1225 1491 1347 1520 tuorum

829 1531 874 1562 Et
900 1533 1046 1571 precibus
1072 1533 1206 1566 Gudilae

878 1578 992 1610 delicta
1015 1581 1159 1612 nocentia
1181 1581 1260 1614 dele.

162 1641 243 1668 Brev.
272 1651 323 1669 ms.
349 1643 563 1679 Zutpham'ense
589 1655 663 1674 saec.
686 1647 728 1675 15.
769 1649 836 1677 Cod.
858 1651 1039 1679 Bollandian.
1066 1662 1088 1680 s.
1113 1663 1141 1680 11.
1162 1655 1195 1681 A.
1225 1669 1260 1674 ——
1288 1657 1370 1683 Brev-

82 1677 110 1705 S.
126 1678 249 1706 Gudilae
264 1680 424 1708 Bruxellen.
440 1683 508 1717 imp.
525 1683 646 1711 Parisiis
664 1684 742 1713 1516.
757 1687 789 1713 B.
810 1702 847 1707 —
860 1688 959 1724 Propr.
977 1689 1005 1716 S.
1019 1691 1157 1718 Iohannis
1172 1692 1369 1721 Boscoducen-

83 1716 152 1750 imp.
172 1716 356 1752 Antwerpiae
383 1727 406 1745 s.
432 1727 457 1746 a.
479 1720 509 1747 Ο.
535 1735 572 1739 -
600 1721 666 1749 Alle
685 1724 725 1750 im
745 1724 962 1753 Vorstehenden
982 1727 1133 1755 fehlenden
1153 1729 1235 1757 Teile
1254 1731 1319 1757 sind
1339 1732 1371 1758 in

81 1753 254 1788 Reimprosa
278 1756 427 1790 abgefasst.
467 1756 495 1784 A
518 1757 570 1785 hat
593 1760 624 1785 in
653 1758 676 1786 1.
696 1761 782 1796 Vesp.
804 1771 860 1789 nur
883 1761 906 1789 1.
926 1764 1095 1799 prosaische
1115 1764 1136 1791 Α
1158 1766 1195 1793 ad
1213 1768 1310 1802 Magn.

82 1791 177 1817 Hiezu
197 1791 247 1818 der
267 1792 415 1826 Hymnus:
433 1794 570 1823 Exsultet
587 1805 644 1824 vox
666 1798 812 1833 ecclesiae,
832 1800 916 1827 Anal.
930 1801 996 1834 XII,
1014 1799 1075 1829 128.

516 1904 561 1934 28.
590 1902 634 1935 De
654 1907 763 1936 saneta
782 1907 938 1948 Hedwige.

214 1969 259 2001 In
286 1969 316 2003 1.
343 1971 448 2010 Vesp
461 1972 552 2005 eris.

285 2062 478 2099 Antiphonae.

87 2128 118 2161 1.
145 2128 280 2159 Laetare
305 2129 474 2162 Germania

144 2174 229 2212 Quae
255 2175 294 2206 de
317 2177 417 2216 stirpe
440 2178 528 2219 regia

190 2220 354 2254 Meraniae
380 2224 467 2256 ducis

145 2268 239 2300 Ortus
265 2268 305 2302 ab
327 2269 461 2305 infantia

142 2314 278 2354 Dignam
302 2316 363 2347 Dei
386 2319 487 2357 gratia

189 2361 373 2403 Hedwigem
397 2365 564 2407 producis3

822 1978 928 2021 Quam,
955 1978 1090 2020 Christe,
1117 1989 1183 2012 cum
1210 1984 1310 2023 gloria

820 2024 932 2056 Mundi
957 2029 1030 2065 post
1055 2028 1166 2060 exsilia

866 2072 919 2103 Ad
943 2073 1057 2113 gaudia
1083 2075 1170 2106 ducis

867 2118 1042 2159 Perpetuae
1066 2121 1154 2154 lucis.

763 2183 793 2213 2.
820 2182 979 2224 Hedwigis
1002 2186 1120 2225 pietate
1145 2188 1232 2221 clara

864 2230 922 2262 tibi
985 2234 1193 2272 persolvimus

1138 2282 1252 2323 laudis,

817 2323 865 2354 Tu
890 2325 983 2357 solita
1008 2327 1173 2360 elementia

864 2379 943 2411 auge
966 2373 1143 2407 devotionis
1160 2376 1363 2411 incrementa.

1259 2237 1366 2269 debita
