1650 2542
377 236 436 267 Ad
460 235 720 267 Matutinum.

438 308 647 335 Invitatorium.

309 362 395 394 Caeli
418 372 521 403 regem
545 364 708 395 adoremus

354 409 414 439 Pro
439 409 632 441 Katharinae
656 407 764 447 gloria,

308 454 352 485 Ut
375 454 475 486 eidem
500 462 719 493 conregnemus

353 500 391 531 In
415 501 593 539 angelorum
618 500 712 531 curia.

368 619 410 650 In
438 620 467 652 1.
492 619 716 651 Nocturno.

453 693 641 729 Antiphonae.

251 749 281 781 1.
307 749 397 780 Miris
423 750 510 781 donis
534 750 615 781 hanc
639 751 762 783 ornavit

352 795 411 826 Dei
435 795 595 836 beneficio,

306 842 433 880 Quando
458 842 557 874 Roma
582 843 743 874 desudavit

352 888 482 920 Pietatis
506 889 619 921 studio.

249 943 280 974 2.
305 943 396 974 Artus
426 952 496 975 suos
521 944 676 975 atterebat

352 989 432 1020 Arta
455 990 655 1029 paenitentia,

306 1037 332 1066 A
361 1035 480 1066 delictis
505 1044 539 1066 se
563 1036 692 1067 cavebat

354 1081 443 1112 Vitae
465 1082 650 1115 innocentia.

251 1137 281 1168 3.
307 1136 413 1167 Virtus
438 1136 497 1167 Dei
519 1137 671 1168 mirabilis

352 1183 388 1213 In
412 1185 518 1213 sancta
543 1184 718 1215 ostenditur

304 1227 384 1258 Dum
409 1237 557 1266 aquarum
579 1227 727 1260 fluxibilis

350 1273 471 1305 Meatus
495 1275 679 1315 regreditur.

437 1357 637 1392 Responsoria.

249 1412 277 1443 1.
304 1412 407 1443 Radix
431 1413 520 1452 bona,
551 1414 648 1452 stipes
670 1417 773 1445 rectus

302 1457 369 1489 Deo
396 1459 563 1498 vivensque
588 1459 719 1491 dilectus

351 1503 475 1535 Profert
498 1513 617 1536 ramum
641 1503 786 1537 floridum

302 1550 336 1580 In
359 1550 475 1581 virtute
499 1551 652 1582 castitatis

300 1595 418 1626 Fructu
442 1598 569 1627 sanctae
594 1598 732 1628 caritatis

349 1642 469 1673 Pietate
492 1643 639 1675 roridum.

301 1735 507 1766 Katharinam
531 1735 598 1767 Deo
623 1739 753 1776 gratam,

348 1782 410 1813 Vas
435 1781 583 1813 virtutum
607 1782 815 1821 splendidum.

244 1838 275 1868 2.
301 1836 388 1867 Haec
410 1837 537 1875 pietatis
561 1838 666 1869 studia

302 1882 437 1914 Cernens
461 1884 569 1915 matris
594 1882 698 1916 felicia

347 1930 384 1961 In
408 1932 511 1961 aetate
532 1933 649 1969 tenera,

301 1976 359 2007 His
384 1976 496 2007 edocta
518 1977 564 2007 sic
586 1975 731 2016 profecit,

300 2021 388 2059 Quod
414 2022 447 2052 in
472 2022 537 2053 vita
560 2031 684 2061 semper
707 2022 783 2054 fecit

347 2067 493 2098 Caritatis
519 2076 616 2106 opera

230 2112 268 2143 V.
296 2112 341 2142 Et
365 2113 505 2143 decrevit
527 2113 710 2145 miserorum

300 2158 381 2188 Puro
407 2158 501 2189 corde
525 2159 740 2197 languidorum

345 2203 498 2234 Relevare
521 2212 624 2235 onera.

243 2259 272 2290 3.
299 2258 375 2290 Viro
398 2258 479 2289 iusto
505 2259 650 2297 copulata

299 2305 392 2343 Virgo
416 2305 531 2334 mansit
554 2309 757 2342 praeservata

346 2350 460 2381 Divina
484 2350 655 2391 clementia,

300 1687 381 1719 Dum
406 1691 550 1727 parentes
575 1690 704 1729 gignunt
725 1695 840 1730 natam,

841 141 908 175 220
954 160 1000 166 -—

975 233 1068 265 Caste
1092 241 1219 264 servans
1245 241 1334 264 suum
1357 231 1483 263 thorum

972 278 1147 318 Disciplina
1170 281 1278 310 sancta
1301 287 1431 316 morum,

1019 325 1176 363 Operante
1199 324 1311 363 gratia,

933 396 939 402 .
971 371 1104 409 Quorum
1133 370 1245 401 mentis
1269 370 1467 409 pravitatem,

973 417 1083 448 Carnis
1107 419 1208 447 motus
1232 416 1421 456 pronitatem

1017 463 1102 494 Vicit
1125 462 1287 502 pudicitia.

1031 584 1077 615 In
1100 584 1130 615 2.
1157 582 1383 616 NocturnO.

1119 656 1309 691 Antiphonae.

937 737 944 744 .
972 712 1100 744 Omnem
1124 712 1249 744 virtutis
1272 713 1404 752 gratiam

1018 759 1068 790 Ab
1093 760 1176 790 intus
1194 759 1373 798 occultavit,

969 805 1080 836 Datori
1104 806 1240 837 reddens
1264 805 1394 844 gloriam

1017 851 1057 882 Se
1084 851 1163 882 nihil
1187 852 1372 885 aestimavit.

935 940 942 946 .
967 915 1056 946 Haec
1077 925 1246 955 pravorum
1268 916 1437 948 insultibus

1013 962 1177 993 Exsistens
1201 962 1353 994 tribulata

967 1007 1095 1039 Diffusis
1115 1009 1177 1047 piis
1199 1008 1345 1046 precibus

1013 1055 1065 1086 Ad
1091 1054 1248 1086 Christum
1273 1057 1322 1086 est
1345 1055 1474 1087 salvata.

935 1144 942 1150 .
969 1119 1078 1150 Portas
1103 1119 1177 1151 Sion
1201 1119 1377 1159 ingreditur

1012 1165 1100 1197 Haec
1125 1166 1217 1204 digne
1240 1167 1415 1205 peregrina,

968 1211 1049 1242 Dum
1074 1214 1215 1242 materna
1238 1210 1411 1250 perfruitur

1016 1257 1258 1296 Sanctorumque
1286 1258 1438 1290 doctrina.

1102 1340 1303 1374 Responsoria.

942 1420 944 1424 ,
972 1394 1035 1426 Sub
1060 1395 1201 1434 magistri
1227 1395 1393 1433 disciplina

970 1440 1109 1472 Fervens
1134 1449 1258 1480 semper
1282 1442 1324 1472 ad
1350 1442 1457 1473 divina

1014 1486 1132 1518 Romae
1156 1486 1215 1518 suit
1238 1487 1374 1525 subdita,

968 1532 1152 1572 Supplicare
1178 1533 1210 1564 in
1236 1534 1376 1566 conclavi

968 1578 1140 1618 Depulsato
1165 1589 1272 1612 somno
1298 1581 1386 1620 gravi

1013 1625 1114 1657 Nocte
1139 1626 1264 1658 Christo
1289 1627 1391 1667 solita,

928 1696 934 1702 .
966 1672 1212 1712 Contemplando
1234 1673 1295 1704 iam
1320 1674 1453 1705 ardebat

966 1719 1229 1758 Peccatorumque
1255 1718 1390 1751 deflebat

1013 1765 1113 1797 Versa
1136 1766 1204 1797 vice
1230 1766 1344 1800 debita.

934 1855 941 1861 .
968 1830 1093 1861 Pollens
1118 1830 1202 1862 vitae
1226 1832 1393 1863 sanctitate

967 1875 1071 1907 Deflet
1094 1877 1197 1909 vultus
1222 1881 1385 1910 venustate

1015 1924 1103 1955 Sicut
1129 1924 1267 1955 Hesther
1290 1924 1415 1964 nobilis,

969 1968 1109 2002 Caritate
1133 1970 1284 2009 radicata,

962 2016 1070 2047 Firma
1093 2014 1166 2053 fide,
1192 2024 1248 2054 spe
1267 2017 1360 2047 beata

1011 2061 1087 2092 Fuit
1109 2061 1202 2092 matri
1227 2061 1347 2093 similis.

926 2131 933 2138 .
966 2106 1088 2138 Christo
1112 2115 1204 2144 passo
1229 2109 1276 2136 est
1301 2107 1422 2148 devota,

964 2153 1070 2191 Ipsum
1094 2160 1200 2182 amans
1223 2155 1328 2183 mente
1351 2157 1428 2193 tota,

1011 2197 1134 2236 Verbis,
1159 2195 1252 2228 factis
1276 2198 1412 2234 humilis.

931 2286 938 2293 .
964 2262 1077 2293 Sancta
1101 2262 1169 2292 loca
1196 2265 1228 2293 et
1251 2268 1428 2298 sanctorum

964 2308 1045 2338 Visit
1068 2307 1186 2339 Romae
1209 2318 1267 2341 usu
1290 2320 1410 2344 morum

1007 2354 1182 2393 Matrisque
1203 2357 1328 2398 solacio,
