1650 2542
711 141 965 177 —157—

206 222 237 253 4.
263 222 364 255 Huius
390 234 463 266 ergo
488 237 543 259 nos
568 234 680 264 natalis

263 269 390 302 Exuens
415 281 434 303 a
458 276 577 307 cunctis
602 279 691 310 malis

309 316 469 350 Emundet
493 329 511 351 a
536 323 674 365 crimine,

262 362 307 394 Ut
330 372 391 394 non
416 369 487 396 urat
513 368 598 399 calor
621 371 712 411 ignis,

265 408 401 441 Tartara
425 420 516 449 quem
542 414 618 445 dant
640 418 777 458 indignis

309 454 383 486 Cum
408 459 517 490 mortis
542 463 718 499 putredine.

206 509 237 540 5.
265 509 339 540 Post
362 514 503 545 mortalis
530 516 612 547 vitae
634 519 756 559 molem,

260 556 305 588 Ut
334 565 495 590 cernamus
520 570 626 593 verum
650 565 755 609 solem,

304 603 366 634 Illa
390 604 476 636 iuvet
496 608 610 648 aquila,

260 648 345 686 Quae
369 651 410 682 ad
435 652 501 684 alta
525 655 717 689 subvolando

261 695 445 736 Clariusque
471 703 709 740 contemplando

305 742 390 774 Luce
416 746 533 783 gaudet
554 747 674 781 intima.

372 817 418 844 Ad
440 818 621 848 Benedictus.

183 870 224 902 A.
255 870 457 905 Sacramenta

302 918 353 949 dic
378 920 535 953 dominica

253 963 385 996 Ostensa
409 971 482 998 sunt

300 1012 513 1045 ecclesiastica

251 1057 405 1095 Apostolo

297 1103 329 1134 in
355 1105 502 1137 Pathmos
527 1107 629 1139 insula

248 1148 293 1179 Et
315 1155 493 1183 sanctorum

296 1204 365 1227 cum
391 1197 514 1229 Christo
539 1202 666 1232 saecula

246 1240 425 1282 Eorumque

290 1288 375 1320 clara
398 1291 548 1322 memoria

243 1333 297 1373 Et,
323 1344 402 1374 quae
426 1340 539 1372 manet,

290 1383 437 1419 perennis
462 1384 572 1424 gloria.

997 268 1042 299 In
1067 270 1098 301 2.
1130 270 1341 309 Vesperis.

863 358 900 389 R.
933 359 1066 391 Verbum
1092 361 1205 393 bonum

977 406 1119 438 caelestis
1143 410 1268 441 nuntius

931 452 1107 484 Adnuntiat

976 507 1145 539 pacemque
1168 502 1319 542 gentibus,

926 544 1148 584 Praerogativa
1171 546 1276 579 floruit

933 589 1102 633 castitatis,
1130 602 1219 632 quam
1245 595 1351 630 voluit,

976 636 1072 674 Quam
1098 639 1217 673 dilexit.

862 680 896 712 V.
927 682 1061 713 Matrem
1086 684 1145 715 Dei
1169 686 1250 717 inter
1274 695 1330 718 sua

974 731 1112 769 suscepit
1135 731 1293 772 obsequia,

928 774 970 806 Ut
997 775 1107 815 virg-ini
1133 778 1281 817 virginum

976 821 1068 860 digne
1093 823 1274 857 deserviret.

1040 941 1084 967 Ad
1105 942 1281 977 Magnificat.

854 1013 895 1044 A.
926 1013 1030 1045 Hodie
1054 1016 1154 1047 victor
1177 1018 1305 1056 athleta,

922 1059 1076 1092 Iohannes
1106 1064 1305 1104 evangelista,

968 1106 1061 1138 Caelo
1092 1109 1146 1140 dat
1170 1110 1352 1149 tripudium,

921 1151 1025 1183 Hodie
1048 1152 1173 1186 flamma
1196 1156 1330 1188 intactus

920 1198 1027 1230 Turba
1050 1205 1215 1239 praesente
1237 1206 1362 1235 senatus

965 1245 1101 1277 Praebet
1123 1249 1238 1280 mundo
1261 1251 1418 1291 gaudium,

918 1291 1022 1322 Hodie
1046 1293 1136 1325 huius
1161 1296 1274 1326 natalis

918 1336 1074 1374 Splendor
1098 1341 1183 1378 parit
1205 1342 1351 1373 salutaris

963 1383 1093 1416 Devotis
1118 1388 1299 1421 remedium.

249 1445 331 1471 Brev.
358 1454 409 1472 ms.
438 1447 633 1476 Hollandense
658 1459 732 1478 saec.
755 1450 797 1480 13.
841 1454 908 1481 (ted.
937 1455 1058 1493 Collegii
1084 1459 1200 1487 Univer:
1212 1463 1284 1489 itatis
1319 1463 1458 1492 Oxouien.

173 1478 234 1506 101.
255 1495 291 1499 ——
312 1482 352 1508 In
372 1480 398 1510 3.
418 1485 491 1511 Noc
500 1487 519 1511 t.
541 1486 577 1512 ad
591 1486 671 1514 Cant.
687 1487 708 1513 Α
729 1490 783 1516 wie
801 1491 833 1517 in
852 1490 875 1517 1.
890 1493 975 1528 Vesp.
997 1495 1040 1521 ad.
1054 1496 1150 1532 Magn.
1173 1513 1206 1517 —
1229 1497 1249 1524 R
1270 1498 1296 1533 2,
1309 1499 1329 1527 4
1342 1502 1452 1537 populis

168 1518 308 1552 gentium.
330 1533 365 1538 —
386 1521 429 1547 In
448 1521 557 1549 Laud.
579 1524 614 1550 ad
635 1525 739 1552 Bened.
762 1525 792 1561 Α,
817 1526 850 1555 10
871 1530 949 1556 clara
968 1534 1085 1559 maoria.
1105 1548 1143 1552 —
1161 1535 1201 1562 In
1222 1534 1247 1562 2.
1268 1538 1373 1574 Vesp.
1396 1537 1425 1572 R,
1443 1539 1456 1550 Ε

172 1554 229 1587 Qui
250 1559 459 1593 praerogativa.

410 1677 457 1707 54.
492 1678 531 1708 De
548 1680 654 1710 sancto
674 1680 809 1713 Iohanne
829 1685 901 1715 ante
921 1685 1043 1717 Portam
1064 1688 1212 1721 Latinam.

306 1763 407 1795 1111.
436 1765 648 1805 Vesperis.

166 1842 209 1874 A.
240 1844 263 1876 O
288 1845 375 1883 pium
399 1851 575 1886 patronum,

239 1891 321 1922 Puer
347 1892 437 1924 datus
462 1896 600 1932 praesuli

235 1937 385 1977 Princeps
409 1938 446 1970 fit
468 1941 634 1982 latronum,

234 1985 300 2016 Iam
323 1984 454 2017 nefandi
478 1987 562 2018 tituli

231 2030 330 2063 Nefas
356 2033 440 2064 cedit
463 2034 495 2065 in
522 2034 644 2075 bonum,

232 2079 307 2109 Post
330 2079 408 2110 haec
433 2080 542 2112 doctor
565 2083 675 2123 populi

231 2123 404 2157 Confitetur

229 2170 337 2202 Sancti
365 2171 487 2205 [oannis
514 2174 638 2208 donum.

158 2217 195 2248 V.
230 2217 277 2248 Da
300 2218 401 2257 nobis,
428 2219 562 2260 Christe,

231 2263 379 2296 Precibus
404 2265 625 2306 Evangelistae

230 2310 376 2353 Veniam,
413 2322 503 2352 quam
541 2317 655 2348 meruit
688 2319 769 2351 latro

547 2363 617 2396 iste.

1025 1765 1069 1792 Ad
1091 1767 1267 1803 Magnificam

840 1812 879 1841 A.
908 1811 1125 1851 Magnificavit
1150 1824 1218 1847 eum

953 1858 1038 1890 Deus
1064 1863 1095 1891 et
1119 1863 1221 1894 carnis
1246 1863 1429 1896 Iebusaeum

906 1904 1039 1943 Expulit
1063 1916 1081 1937 a
1106 1909 1213 1939 tenero

952 1952 1124 1984 munditiae
1147 1964 1255 1997 puero,

903 1996 1012 2028 Mente
1035 2008 1162 2031 manens
1184 2011 1261 2034 sana

948 2052 1007 2075 nec
1031 2046 1154 2079 adustio
1175 2048 1355 2082 Domitiana

904 2089 972 2121 Nec
999 2101 1081 2124 mors
1105 2094 1198 2126 laesit
1220 2105 1287 2128 eum

950 2145 1081 2177 corpore
1106 2141 1287 2180 virgineum.

963 2212 1006 2243 In
1032 2213 1062 2245 1.
1086 2214 1308 2250 Nocturno.

1031 2278 1234 2314 Responsoria.

841 2322 868 2354 1.
894 2323 972 2354 Avis
996 2326 1104 2357 volans
1129 2328 1197 2360 sine
1220 2334 1311 2373 meta,

895 2369 1026 2403 Ioannes
1052 2373 1169 2406 Christi
1193 2377 1321 2418 athleta,
