1650 2542
642 117 870 153 —53-

189 209 273 236 BreV.
298 217 350 236 ms.
376 209 599 238 Franciscanum
625 220 698 239 saec.
728 210 770 239 15.
800 211 869 239 Olm.
898 212 1045 240 Monacen.
1073 209 1178 239 26748.
1204 212 1239 240 A.
1264 227 1298 231 —
1324 211 1392 240 Cod.

114 246 144 273 S.
162 246 242 274 Petri
261 245 457 283 Salisburgen.
483 255 501 274 a
519 248 561 275 IV
581 247 616 276 42
646 258 719 277 saec.
741 248 783 276 15.
803 250 836 277 Β.
857 264 891 268 -
912 250 968 276 Die
987 248 1036 275 ΑΑ
1063 249 1099 276 ad
1117 249 1232 277 Laudes
1258 250 1323 277 sind
1343 250 1393 276 der

114 283 244 319 Sequenz
268 283 306 318 gl.
326 283 360 310 A.
378 282 516 318 (Kehrein
543 283 606 320 158)
634 287 769 314 entlehnt.
809 287 873 314 Alle
898 287 961 314 hier
984 286 1135 314 fehlenden
1153 287 1236 314 Teile
1256 287 1305 314 des
1325 286 1392 314 offi-

115 322 206 347 ciums
219 321 377 356 prosaisch.
403 321 554 356 Hymnen:
574 323 609 350 In
623 322 647 350 1.
658 324 758 359 Vesp.:
774 324 937 352 Gabrielem
947 332 1113 351 veneremur
1123 321 1212 358 (Anal.
1226 325 1305 352 XVI.
1317 321 1392 358 135);

114 358 151 384 ad
165 358 262 385 Noct.:
285 358 320 385 In
334 357 477 385 Gabrielis
492 359 592 386 ordine
605 358 700 394 (Anal.
714 362 764 393 IV,
787 359 863 395 140);
886 361 922 388 acl
936 361 1040 388 Laud:
1060 361 1095 388 In
1108 360 1269 388 hierarchia
1283 361 1393 388 caelica

115 393 210 429 (Anal.
230 395 280 430 IV,
303 393 381 430 141);
401 395 437 422 In
456 394 483 422 2.
502 397 606 432 Vesp.:
625 398 692 425 Lux
711 399 854 426 caelorum
875 398 1042 433 angelorum
1061 398 1154 432 (Anal.
1173 398 1223 432 IV,
1245 399 1263 425 1.
1284 397 1326 433 c.)-

524 523 563 553 17.
603 522 646 554 Dc
666 525 771 555 sancto
792 524 978 556 Gebehardo.

242 591 288 623 In
314 592 343 624 1.
370 591 585 632 Vesperis.

299 672 392 708 Super
409 674 550 701 Psalmos.

113 729 152 760 A.
185 729 301 760 Sancte
323 729 384 761 Dei
407 731 544 770 praesul,

229 784 400 807 memorum
411 786 472 808 non
485 777 647 809 immemor
660 781 725 809 esto

186 822 224 853 In
248 823 313 853 tam
337 823 490 862 sollemni,

231 869 313 907 quod
326 877 409 899 nunc
421 869 538 907 agimus
552 870 620 908 tibi,
635 868 725 902 festo.

184 914 229 946 Ut
251 918 307 945 tua
329 915 391 945 sint
415 915 505 946 nobis

230 968 354 999 semper
378 959 524 1001 suffragia
549 963 684 1003 praesto,

185 1005 295 1037 Securi
318 1006 404 1037 nullo

231 1061 287 1083 nos
311 1052 502 1093 impediente
521 1053 662 1085 molesto.

297 1134 341 1160 Ad
360 1133 535 1169 Mag-nificat.

142 1216 149 1222 .
178 1191 257 1230 Ave,
282 1191 445 1229 praeclare

228 1235 386 1268 confessor
400 1236 515 1268 Christi
526 1236 722 1277 Grebeharde,

177 1284 256 1322 Ave,
280 1281 338 1314 flos
362 1284 502 1322 paradisi

224 1330 372 1369 pretiose,

178 1376 237 1415 Qui
260 1378 314 1408 tuo
340 1376 428 1407 suavi
453 1379 565 1408 cuncta

225 1422 382 1463 respergis
406 1422 512 1461 odore,

180 1468 246 1499 Nos
276 1468 459 1500 emundatos
484 1469 522 1500 ab
548 1469 630 1500 omni

226 1514 373 1546 vitiorum
397 1515 542 1554 squalore

179 1562 284 1600 Atque
308 1563 340 1591 te
363 1561 555 1600 gubernante

226 1609 420 1639 transvectos

179 1654 239 1685 Per
263 1654 323 1686 hoc
346 1653 517 1694 spatiosum
542 1662 629 1684 marc

179 1701 246 1732 Tuo
270 1700 445 1739 patrocinio

224 1745 276 1778 fac
300 1747 485 1786 quandoque

179 1793 353 1826 Caelestem
377 1794 511 1833 patriam

225 1839 361 1870 feliciter
383 1840 524 1872 introire.

238 1970 298 2001 Ad
322 1969 585 2002 Matutinum.

305 2052 517 2080 invitatorium.

175 2110 347 2143 Iubilantes
372 2109 440 2142 Deo
464 2110 568 2142 venite

797 723 827 754 1.

792 1201 823 1234 3.

914 595 959 626 In
985 594 1015 627 1.
1041 593 1265 625 Nocturno.

993 666 1184 701 Antiphonae.

855 720 1021 753 Generosis
1046 725 1132 754 ortus
1157 723 1336 762 maioribus,

849 768 911 799 Sed
943 767 1007 800 fide
1032 768 1150 800 Christi
1179 770 1275 800 multo
1301 769 1391 800 clari-

1171 815 1276 846 oribus

852 860 968 891 Beatus
994 860 1199 892 Gebehardus
1223 862 1363 899 lucescit,

855 907 898 938 Ut
929 914 1050 945 gemma
1074 915 1112 938 ex
1136 916 1211 939 auro
1236 906 1391 947 fulgescit.

819 985 826 992 .
853 961 924 992 Non
950 964 1095 993 consuete
1120 962 1244 993 enixum

851 1006 913 1038 Sed
939 1007 1032 1038 vulva
1054 1008 1163 1038 matris
1189 1011 1310 1040 constat

896 1053 978 1084 hunc
1002 1054 1149 1092 excisum,

850 1099 982 1130 Domino
1006 1102 1287 1142 praemonstrante,

851 1146 939 1184 Quod
962 1146 1065 1185 ipsum
1089 1146 1182 1178 scivit
1205 1149 1236 1178 et
1260 1149 1341 1180 ante.

849 1201 901 1232 Ad
926 1202 1026 1232 lucem
1051 1202 1192 1240 prolatus

848 1247 891 1278 Et
913 1248 1028 1279 nutrici
1053 1248 1293 1291 commendatus,

849 1293 893 1325 Ut
908 1294 999 1325 Isaac
1014 1295 1099 1334 patri
1117 1295 1156 1326 de
1171 1303 1228 1326 suo
1245 1293 1389 1335 profectu

890 1340 1036 1379 gaudium
1063 1339 1254 1380 conferebat,

849 1386 926 1424 Quia
949 1386 1100 1418 Dominus
1125 1395 1194 1418 eum

893 1433 962 1471 plus
988 1432 1153 1464 Salomone
1178 1433 1339 1473 diligebat.

847 1488 908 1519 Hic
931 1488 1045 1528 spiritu
1067 1491 1233 1520 renovatus

847 1534 891 1565 Et
913 1535 996 1566 inter
1020 1533 1102 1566 filios
1127 1535 1304 1575 adoptatus,

847 1580 990 1621 Septenis
1016 1581 1167 1612 columnis
1185 1584 1386 1622 sustentatur,

846 1627 891 1659 Ut
916 1627 1024 1658 domus
1049 1636 1204 1668 supernae

892 1674 1065 1714 sapientiae
1090 1673 1254 1706 efficiatur.

778 1730 807 1761 5.
833 1727 1003 1761 Infantiam
1030 1729 1112 1760 domi
1136 1730 1297 1771 transegit,

844 1775 910 1807 Ubi
931 1776 1014 1807 lacte
1036 1776 1138 1807 teneri
1161 1777 1308 1809 adolevit.

845 1822 911 1860 Quo
934 1823 1049 1854 sensim
1073 1821 1250 1863 proficeret,

844 1868 889 1900 Ut
913 1869 1048 1901 solidum
1073 1870 1224 1901 ecclesiae

893 1915 995 1946 cibum
1019 1919 1092 1956 post
1113 1917 1300 1957 perciperet.

843 1971 969 2003 Puerile
991 1972 1146 2012 attingens
1172 1972 1267 2004 decus

846 2017 1062 2059 Grebehardus‚
1088 2019 1148 2050 Dei
1173 2020 1299 2062 electus,

844 2064 963 2096 Mundo
989 2065 1153 2098 confestim
1178 2066 1333 2098 alienatur

844 2111 888 2143 Et
911 2111 1028 2143 literali
1053 2113 1238 2152 disciplinae

174 2157 316 2196 Eumque
333 2157 497 2209 ‘supplices
519 2157 660 2198 adorate,
889 2159 1094 2200 mancipatur.

175 2203 401 2282 Qubgbegliardi
425 2250 559 2282 animam
977 2233 1180 2268 Responsoria.

175 2297 356 2330 Introduxit
788 2297 818 2331 1.
844 2297 1048 2331 Nobilissima
1070 2299 1170 2339 stirpe
1194 2300 1375 2339 progenitus

221 2345 258 2377 In
283 2343 422 2383 requiem
445 2354 541 2377 suam.

843 2344 974 2377 Sanctus
997 2347 1124 2386 praesul
1149 2346 1354 2379 Grebehardus
