1650 2542
662 124 890 160 —43—

200 221 294 255 Cuius
319 222 351 252 in
376 224 482 252 sancto
507 220 637 252 vulnera

246 268 415 299 Francisco
439 275 629 298 renovantur

264 390 307 421 In
335 389 365 422 1.
392 388 617 420 Nocturno.

345 461 537 496 Antiphonae.

148 519 178 550 1.
204 518 267 549 Hic
290 518 339 549 vir
364 518 492 549 edoctus
515 517 654 555 caelitus,

252 564 383 596 Indutus
406 564 499 595 armis
524 564 612 600 lucis,

206 611 359 642 Mundum
384 610 562 649 relinquens
587 610 709 649 penitus

254 656 394 697 Sumpsit
417 657 565 688 vexillum
591 656 702 689 crucis.

152 733 184 763 2.
210 730 339 762 Excelsi
361 731 479 762 iussum
504 730 644 769 sequitur

255 777 317 808 Hic
343 776 499 809 Christum
525 775 715 815 cmcifixum,

210 823 265 855 Cui
294 827 397 854 mente
423 823 585 862 configitur

257 870 347 902 Cruci
373 878 427 900 cor
450 877 561 908 gerens
585 867 691 899 fixum.

151 945 180 976 3.
208 943 409 982 Mansuescfl,
441 943 511 973 dum
538 943 569 972 in
594 942 704 972 melius

256 989 359 1020 Vitam
383 989 454 1019 iusti
484 988 613 1019 mutavit

209 1036 316 1067 Mente
340 1035 483 1074 trineque
505 1035 639 1066 monitus

255 1082 315 1113 Dei
339 1082 488 1120 templum
514 1081 667 1113 fundavit.

348 1173 551 1207 Responsoria.

157 1231 185 1262 1.
210 1230 398 1262 Franciscus
422 1232 458 1260 ut
478 1229 608 1260 militiae

257 1276 310 1307 Ad
336 1276 429 1307 decus
454 1279 609 1314 evocatur,

213 1322 343 1354 Sumens
367 1331 454 1353 arma
477 1322 615 1353 iustitiae

258 1368 351 1407 Signo
376 1369 476 1400 crucis
501 1371 648 1406 armatur,

212 1415 305 1446 Cuius
329 1414 405 1447 forti
429 1415 588 1454 potentiae

257 1461 381 1492 Virtute
404 1461 596 1500 proeliatur3

142 1508 181 1540 V.
212 1508 363 1547 Princeps
386 1508 419 1538 in
444 1507 560 1539 Christi
582 1507 649 1538 acic

212 1554 318 1585 Armis
342 1554 375 1585 in
400 1554 501 1585 crucis
525 1553 630 1592 specie

257 1601 286 1632 A
314 1600 437 1632 Christo
463 1600 638 1632 decoratur.

157 1678 187 1708 2.
213 1675 297 1707 Dum
318 1683 397 1714 puro
422 1675 532 1706 mentis
556 1675 645 1705 oculo

259 1722 376 1754 Divina
401 1721 636 1761 contemplatur,

216 1769 329 1800 Fixum
355 1768 455 1799 crucis
479 1768 619 1807 patibulo

261 1815 324 1846 Hic
349 1814 505 1846 Christum
531 1814 719 1853 speculatur,

218 1861 312 1893 Cuius
343 1860 455 1892 amoris
479 1860 579 1891 iaculo

265 1908 302 1939 1n
330 1908 425 1939 corde
449 1907 647 1947 vulneratur3

151 1955 187 1989 V.
218 1955 264 1988 Ut
288 1963 411 1986 crucem
436 1954 531 1985 corde
553 1954 661 1985 sedulo

218 2002 325 2033 Tollat
347 2001 457 2032 relicto
480 2001 614 2040 saeculo,

265 2048 402 2082 Caelitus
425 2046 623 2079 informatur.

164 2126 195 2157 3.
220 2124 301 2156 Dum
326 2123 359 2154 in
385 2123 485 2155 crucis
506 2122 656 2162 mysterio

264 2170 439 2202 Ferventer
462 2169 609 2201 meditari

221 2217 342 2256 Coepit,
369 2217 470 2248 crucis
495 2216 618 2256 eloquio

267 2264 385 2295 Meruit
408 2262 581 2303 informari,

221 2310 266 2343 Ut
292 2311 415 2342 domum
443 2310 502 2342 Dei
525 2310 629 2341 studio

270 2356 433 2390 Reformet
456 2357 645 2397 exemplari3

802 220 838 252 V.
870 219 967 258 Quam
990 226 1065 249 suae
1087 217 1196 248 mortis
1217 215 1319 256 pretio

873 265 994 297 Christo
1023 273 1111 295 sacro
1135 263 1317 294 commercio

919 311 1063 343 Redemit
1085 310 1245 349 singulari.

935 433 978 464 In
1004 433 1036 464 2.
1062 430 1119 462 No
1133 432 1286 462 cturno.

1015 504 1206 539 Antiphonae.

820 563 848 595 1.
877 562 1070 593 Pertractum
1095 561 1195 591 crucis
1220 560 1323 591 studio

922 606 1118 639 Transfixum
1146 606 1371 637 demonstravit

877 654 1017 686 Christus
1042 654 1123 684 hunc
1147 653 1247 683 crucis
1272 652 1387 691 gladio,

923 700 1051 731 Hostem
1105 708 1162 738 per
1209 707 1297 737 quem
1343 707 1416 738 pro-

1194 745 1316 776 stravit.

820 806 851 836 2.
876 803 943 834 Iam
968 801 1125 833 Christum
1148 801 1228 832 liber
1254 801 1392 839 „equitur

926 848 1050 879 Cunctis
1076 851 1269 887 exoneratus,

877 894 969 926 Cuius
995 896 1080 924 veste
1106 894 1280 932 contegitur

924 939 1017 979 Signo
1043 940 1143 970 crucis
1169 943 1317 970 armatus.

821 998 852 1029 3.
877 995 996 1027 Ductus
1021 994 1062 1025 ad
1088 994 1187 1024 erucis
1211 994 1316 1026 studia

924 1041 985 1073 Hic
1012 1049 1134 1079 semper
1158 1040 1327 1071 meditatur

878 1088 994 1121 Christi
1018 1087 1103 1125 passi
1126 1087 1264 1126 vestigia,

925 1132 1118 1172 Frequenter
1142 1136 1177 1163 ut
1201 1136 1356 1172 sequatur.

1013 1206 1217 1241 Responsoria.

824 1266 852 1297 1.
879 1264 980 1295 Docet
1008 1272 1076 1293 cum
1101 1261 1242 1294 efficacia

926 1309 1062 1341 Verbum
1088 1310 1188 1340 crucis
1212 1318 1270 1348 per
1293 1318 1398 1349 opera,

973 1356 1058 1394 Quae
1083 1356 1186 1387 verbis
1210 1356 1395 1395 adtestatur,

883 1403 1005 1434 Virtute
1028 1401 1155 1433 firmans
1179 1403 1319 1441 praemia

928 1450 989 1481 Pro
1015 1449 1139 1481 Christo
1164 1447 1267 1480 ferens
1293 1458 1404 1487 aspera

975 1496 1011 1527 In
1037 1503 1129 1526 cruce
1153 1495 1314 1535 gloriatur,

814 1543 849 1575 V.
882 1540 1028 1573 Crucifixi
1052 1542 1201 1572 memoria

929 1586 1094 1619 'transfixa
1117 1592 1245 1627 portans
1271 1589 1391 1620 viscera

973 1633 1109 1665 Mirifice
1133 1638 1332 1667 monstratur.

827 1694 859 1724 2.
883 1690 1044 1729 Fulgentis
1067 1691 1137 1721 luce
1160 1699 1255 1722 aurea

932 1736 1039 1768 Crucis
1065 1737 1180 1768 virtute
1205 1738 1333 1769 caelitus

977 1783 1028 1815 Ex
1052 1792 1106 1815 ore
1129 1784 1328 1823 procedentis

883 1830 1046 1863 Francisci
1070 1831 1117 1862 vis
1142 1834 1282 1863 tartarea

931 1877 1072 1916 Fugatur
1096 1880 1126 1908 et
1151 1879 1305 1909 exercitus

982 1923 1132 1955 Draconis
1157 1925 1335 1967 saevientis,

819 1972 856 2005 V.
888 1970 956 2002 Lux
981 1969 1096 2002 effulsit
1119 1971 1265 2003 aetherea

936 2017 1089 2056 Ceditque
1114 2018 1207 2050 draco
1232 2019 1362 2050 territus

983 2064 1091 2096 Crucis
1115 2065 1202 2105 signo
1226 2066 1431 2105 splendentis,

833 2123 864 2154 3.
890 2121 938 2153 De
966 2121 1065 2152 crucis
1090 2130 1179 2153 sacro
1203 2121 1294 2153 titulo

935 2167 1045 2199 Dulcis
1067 2168 1138 2199 Iesu
1163 2168 1283 2208 eloquio

982 2214 1077 2246 Dulci
1102 2215 1175 2247 dum
1198 2216 1410 2255 praedicatur,

891 2261 980 2293 Novo
1006 2262 1127 2293 clarens
1152 2262 1303 2294 miraculo

938 2308 1068 2340 Distans
1092 2308 1225 2340 fratrum
1252 2310 1381 2350 collegio

985 2355 1047 2386 Hic
1071 2356 1149 2387 mire
1171 2360 1401 2399 praesentatur,
