1650 2542
744 159 997 193 —132-

306 259 433 298 Quando
459 267 526 289 eum
550 254 748 296 gustaverunt

306 306 362 343 Qui
387 313 421 336 se
444 303 565 335 ferebat
585 300 736 332 manibus.

276 386 283 392 .
309 362 370 392 Pro
396 359 536 399 patribus
561 359 633 388 sunt
655 355 722 393 filii,

308 407 388 444 Quos
409 414 543 436 summus
563 403 708 442 princeps
726 399 842 439 princi-

703 455 734 477 es

307 497 376 528 Lux
400 505 475 528 vera
497 496 599 526 lumen
621 456 744 524 saeguli'

307 543 350 574 Et
372 542 465 573 iudex
490 540 565 571 fecit
587 539 714 570 iudices.

437 612 638 647 Responsoria.

273 692 281 699 .
309 670 403 707 Quam
428 667 540 700 efficax

355 716 397 747 sit
421 715 518 746 virtus
543 713 617 745 fidei

308 761 358 793 Ad
382 761 549 792 vincendas

353 808 434 838 vires
460 806 585 845 diaboli,

311 853 348 884 In
372 853 493 884 Phileto

352 899 428 930 satis
452 898 598 937 apparuit

310 945 371 975 Per
395 945 539 975 virtutem

354 991 453 1021 nostri
476 991 619 1029 apostoli.

271 1062 278 1069 .
310 1036 469 1067 Dominus
517 1035 609 1067 solvit
649 1034 846 1073 compeditos,

311 1082 480 1113 Dominus
505 1081 595 1121 erigit
620 1081 719 1112 elisos.

282 1161 288 1168 .
313 1136 523 1175 Hermogenes

359 1182 503 1213 addictus
524 1180 596 1213 fidei

315 1228 375 1259 Per
396 1229 550 1258 alumnum

359 1283 483 1305 suarum
507 1273 618 1304 artium

312 1320 377 1350 Iam
402 1319 522 1361 astruit,

358 1365 438 1403 quod
468 1365 721 1406 exprobraverat,

318 1412 389 1443 Iesu
414 1411 536 1443 Christo

362 1457 438 1488 dans
459 1457 666 1488 testimonium

407 1503 465 1533 Per
488 1503 644 1534 Iacobum.

273 1572 279 1578 .
309 1548 441 1588 Linqua
488 1558 604 1579 canum
646 1551 772 1580 tuorum
813 1557 850 1579 ex

311 1595 452 1626 inimicis
477 1595 516 1626 ab
540 1595 620 1634 ipso.

278 1675 285 1681 .
313 1649 461 1680 Veritatis

356 1698 492 1726 assertor
515 1695 646 1727 Iacobus

314 1741 395 1771 Dum
420 1741 552 1772 Iudaeos

362 1790 500 1818 errantes
525 1787 636 1826 arguit,

314 1832 424 1864 Coram
449 1833 559 1863 scribis

361 1881 392 1909 et
415 1879 630 1910 sacerdotibus

315 1924 462 1956 Confiteri

362 1970 517 2002 Christum
541 1980 603 2002 non
628 1972 748 2011 timuit,

405 2017 435 2048 A
461 2018 592 2048 concilio
616 2018 713 2049 multo

243 2063 280 2095 V.
308 2061 386 2093 Non
418 2063 570 2094 abscondi
599 2064 852 2096 misericordiam

313 2109 403 2139 tuam
428 2111 455 2139 et
477 2109 640 2140 veritatem
663 2111 763 2144 tuam.

373 2192 419 2223 In
444 2193 474 2223 2.
500 2191 717 2226 NocturnO.

450 2263 640 2299 Antiphonae.

260 2323 288 2354 1.
313 2321 419 2360 Elegit
443 2322 532 2353 nobis
555 2322 706 2354 Dominus

314 2367 530 2401 Hereditatem
553 2369 722 2410 propriam,

966 251 1004 282 In
1026 257 1087 288 qua
1135 257 1207 278 suos
1237 246 1441 285 congregaret

967 296 1077 328 Secum
1102 295 1134 325 in
1157 294 1257 324 sinum
1283 290 1453 323 Abraham.

935 376 942 383 .
969 351 1104 389 Dedisti,
1130 349 1273 386 Domine,

969 397 1089 429 Nomen
1112 399 1199 427 tuum
1224 393 1405 425 timentibus

969 444 1045 476 Dies
1071 451 1166 481 super
1192 441 1269 479 dies,

970 491 1017 521 Te
1040 497 1165 527 semper
1189 484 1420 518 contuentibus.

938 572 945 578 .
971 545 1163 576 Nuntiarunt
1186 541 1321 580 apostoli

969 591 1031 623 Dei
1054 589 1153 621 nostri
1174 587 1342 628 magnalia,

972 637 1107 675 Quorum
1130 633 1253 665 fructus
1279 635 1327 663 est
1348 635 1476 663 aeterna

973 683 1047 714 Post
1073 689 1159 720 spem
1183 682 1322 711 sanctam
1347 678 1478 709 laetitia.

1104 762 1308 797 Responsoria.

941 846 947 853 .
974 822 998 853 O
1024 822 1184 859 respectus
1209 818 1347 859 pietatis,

1019 875 1078 905 quo
1102 865 1200 897 Iosias
1226 866 1431 896 commutatur

972 914 1024 950 Et,
1051 921 1139 951 quem
1164 910 1239 942 fune
1263 911 1350 949 prius
1373 910 1479 947 traxit,

1020 958 1202 989 morientem
1228 958 1409 995 comitatur3

974 1005 1026 1037 Sic
1050 1004 1206 1036 Zebedaei
1229 1003 1311 1034 filius

1020 1051 1058 1082 ab
1083 1050 1212 1081 Herode
1237 1049 1412 1081 decollatur

935 1123 942 1130 .
975 1095 1116 1130 Calicem
1154 1095 1308 1127 salutaris
1360 1094 1518 1133 accipiens

974 1146 1001 1175 et
1025 1151 1141 1174 nomen
1163 1142 1299 1174 Domini
1323 1141 1486 1173 invocans.

943 1227 950 1233 .
975 1198 1172 1231 Decollatum
1196 1197 1235 1228 ab
1262 1197 1390 1228 Herode

1020 1245 1149 1275 Alumni
1174 1243 1350 1282 suscipiunt

976 1291 1020 1323 Et
1042 1291 1083 1321 ad
1109 1298 1197 1321 mare
1222 1290 1425 1329 deportantes

1024 1336 1098 1368 Gum
1123 1344 1158 1367 eo
1183 1335 1359 1375 suffugiunt,

977 1383 1085 1414 Donec
1107 1382 1175 1413 Deo
1199 1383 1392 1414 conducente

1022 1429 1074 1460 Ad
1099 1430 1223 1467 portum
1248 1428 1442 1468 perveniunt.

938 1501 945 1508 .
977 1473 1072 1507 Viam
1111 1475 1211 1513 fecisti
1246 1475 1283 1506 i‘n
1313 1474 1402 1505 mari
1433 1475 1519 1514 equis

975 1521 1051 1560 tuis,
1085 1521 1235 1563 Domiwc,
1265 1522 1398 1560 propter
1434 1522 1521 1560 quod

977 1568 1021 1599 ad
1039 1570 1171 1607 portum
1190 1567 1389 1606 perveniunt.

944 1648 951 1655 .
977 1623 1013 1654 In
1038 1625 1131 1661 portu
1154 1623 1249 1661 positi

1025 1669 1154 1699 clientes
1179 1669 1304 1699 iuminis

977 1715 1140 1753 Templum
1165 1715 1328 1754 reperiunt

1023 1761 1142 1799 antiqui
1166 1761 1313 1803 numinis,

977 1807 1028 1838 Ibi
1051 1810 1140 1838 vetus

1022 1856 1228 1892 conquassant
1252 1854 1372 1884 idolum

977 1900 1021 1931 Et
1044 1902 1197 1938 reponunt

1024 1949 1164 1978 sanctum
1189 1947 1375 1985 apostolum.

939 2016 945 2023 .
975 1992 1128 2024 Exaltcmt
1144 2001 1215 2023 eum
1230 1992 1267 2023 in
1284 1992 1410 2023 ecclesia
1420 1993 1522 2032 plebis

979 2041 1006 2069 et
1029 2038 1068 2068 in
1091 2038 1241 2069 cathedra
1264 2038 1428 2071 seniorum
1452 2040 1521 2071 Zau-

979 2084 1052 2116 dem
1077 2093 1157 2116 eum.

1038 2196 1084 2226 In
1109 2196 1140 2227 3.
1166 2194 1391 2229 Nocturuo.

1121 2267 1313 2303 Antiphonae.

944 2349 951 2356 .
978 2324 1015 2355 1n
1040 2324 1190 2356 columnis
1216 2327 1366 2359 ecclesiae

979 2369 1175 2403 Confirmatis
1198 2382 1217 2404 a
1241 2373 1374 2407 Domino
