1650 2542
676 116 927 151 —223—

194 239 201 246 .
228 212 367 244 Suscitat
389 212 465 244 iude
489 221 620 251 coquum

274 267 353 298 puer
377 259 476 290 almus
492 260 593 289 morte
608 258 774 298 sepultum,

229 305 312 337 Hinc
337 303 417 344 fugit
441 305 630 343 admonitus,

275 352 416 391 sequitur
434 351 590 382 Servanus
608 351 775 389 alumnum,

190 422 196 429 .
229 398 291 430 Sed
316 398 399 437 pede
424 406 483 437 quo
508 397 629 428 iuvenis

275 443 352 475 ferit
374 452 500 483 aequor,
526 441 642 474 diffluit
666 443 776 475 amnis.

201 524 208 532 .
234 499 332 532 Iussit
353 508 445 531 arare
467 499 585 538 lupum,

277 546 398 586 placuit
423 546 472 576 cui
495 547 624 585 iungere
640 553 775 584 cervum,

229 593 309 624 Fert
331 600 406 632 ager
431 591 586 631 Cererem,

279 639 406 678 praesul
425 647 494 669 cum
506 638 627 677 spargit
638 645 776 675 arenam,

192 710 200 718 .
229 685 273 717 Et
298 685 408 716 dumus
431 684 573 716 insolitas

280 731 409 763 brumae
434 732 489 763 dat
508 733 649 770 tempore
672 730 775 761 bacas.

295 844 338 876 In
366 845 396 877 2.
423 842 648 874 Nocturno.

385 915 578 950 Antiphonae.

207 1002 213 1007 ,
238 974 395 1013 Splendor
418 973 522 1004 vultus
547 972 665 1011 gloriae

282 1020 464 1058 Lumenque
487 1018 651 1057 probatum

234 1067 304 1105 Est,
333 1065 459 1105 praesul
484 1065 687 1103 sanctissime,

283 1112 385 1151 Super
409 1115 441 1142 te
465 1111 629 1150 signatum.

202 1193 209 1200 .
237 1169 331 1200 Scuto
359 1165 554 1197 fortitudinis

284 1212 401 1245 Christi
425 1214 489 1243 stat
512 1213 672 1250 protectus

236 1260 449 1299 Kentigernus
477 1257 612 1296 humilis,

282 1304 433 1338 Pontifex
458 1305 585 1336 electuS.

205 1388 211 1395 .
239 1362 263 1394 O
289 1370 381 1400 quam
406 1359 593 1392 admirabile

285 1408 329 1439 Et
353 1416 444 1446 quam
469 1406 636 1446 gloriosum

241 1455 301 1487 Est
324 1454 357 1485 in
382 1453 475 1484 terris
500 1452 594 1483 hodie

283 1502 406 1533 Nomen
432 1499 614 1539 pretiosum.

378 1573 581 1608 Responsoria.

205 1659 213 1667 .
240 1632 321 1664 Dum
344 1632 438 1671 negat
461 1638 614 1661 annonam

283 1678 400 1718 populo
424 1681 498 1708 trux
524 1676 649 1715 regulus
665 1678 781 1714 aptam,

237 1726 290 1758 Ad
313 1725 384 1756 loca
406 1721 564 1763 pontificis

285 1771 388 1803 subito
413 1770 478 1801 ruit
501 1778 574 1801 area
599 1769 719 1808 messis,

200 1847 206 1854 .
238 1819 340 1851 Cluda
363 1816 476 1848 fluctus
502 1816 659 1849 Christum

287 1864 376 1896 novit
398 1872 460 1895 non
484 1863 610 1895 invidus
634 1863 747 1902 ipsum.

204 1947 212 1955 .
239 1921 321 1953 Dum
346 1918 496 1951 famulum
521 1918 647 1950 Domini

282 1967 366 2008 pede
386 1966 523 2006 percutit
546 1965 596 1997 ira
620 1965 755 2005 tyranni,

236 2014 383 2048 Membra
406 2013 492 2052 rapit
514 2012 631 2043 misera

287 2061 377 2093 dolor
400 2060 520 2102 ingens,
547 2059 617 2091 dira
632 2060 783 2101 podagra,

199 2137 206 2145 ,
242 2108 413 2141 Posteritas
437 2107 559 2148 recolit,

284 2154 367 2194 quod
400 2154 503 2186 adhuc
534 2162 591 2193 pes
623 2152 784 2192 improbus

560 2199 631 2240 egit.

204 2285 211 2292 .
237 2258 293 2289 Fit
316 2256 419 2288 subito
444 2264 553 2288 caecus

285 2312 343 2335 rex
381 2302 547 2340 Melchon‚
594 2302 644 2334 vir
680 2304 784 2332 trucu-

562 2349 675 2388 lentus,

834 304 870 334 V.

841 1638 878 1671 V.

854 1761 884 1793 2.

841 1947 880 1980 V.

853 2069 883 2102 3.

842 2302 880 2334 V.

902 209 959 241 Cui
987 215 1081 248 prece
1104 204 1260 246 pontificis

948 255 1135 294 reparantur
1160 254 1190 282 et
1212 258 1329 289 organa
1351 247 1439 288 lucis,

902 301 1004 334 Vallia
1027 309 1086 339 quo
1112 299 1178 330 viso

948 347 1049 379 credit
1065 354 1133 377 cum
1149 343 1293 384 principe
1306 341 1441 374 Christo.

962 487 1006 518 in
1031 487 1064 518 3.
1088 484 1315 516 Nocturno.

1045 586 1237 621 Antiphonae.

905 664 997 695 Nunc
1020 663 1053 694 in
1077 660 1278 693 tabernaculo

951 709 1067 742 Christi
1091 706 1258 747 requiescit

904 758 1016 789 Pastor
1034 755 1114 796 pius,
1140 753 1301 793 providus,

950 802 1103 834 maculam
1127 800 1179 839 qui
1202 798 1312 831 nescit.

906 878 974 909 Stat
1001 884 1115 907 corona
1137 882 1232 906 aurea

951 922 1066 962 lapidis
1091 920 1213 951 venusti

904 970 942 1001 In
965 969 1086 1008 signum
1110 966 1259 998 victoriae

951 1022 1046 1055 super
1070 1015 1164 1051 caput
1185 1011 1268 1043 iusti.

908 1089 1003 1121 Paret
1022 1090 1108 1118 terra
1132 1085 1265 1117 Domino

954 1134 1073 1165 cunctis
1095 1131 1272 1173 imperanti,

907 1181 1099 1221 Kentigerno
1125 1178 1304 1210 cathedram

957 1227 1110 1267 praebens
1135 1223 1341 1265 praedicanti.

1044 1328 1247 1363 Responsoria.

876 1430 883 1437 .
910 1405 987 1438 Cum
1012 1401 1154 1435 confessa
1177 1410 1266 1433 suum

954 1450 1075 1490 plangit
1099 1449 1208 1488 regina
1232 1450 1361 1488 reatum,

907 1497 1095 1530 Pisciculum
1119 1495 1233 1535 prendi

956 1544 1024 1576 vult
1060 1542 1202 1582 praesul,
1248 1544 1280 1572 et
1322 1541 1453 1572 annulus

1231 1587 1299 1619 auri

908 1636 1075 1673 Redditur,
1102 1634 1264 1673 obstupuit

956 1692 1020 1726 rex,
1047 1683 1094 1714 sie
1117 1680 1247 1713 infamia
1271 1679 1359 1721 fugit.

911 1758 993 1790 Dum
1018 1759 1147 1789 veniunt
1170 1765 1233 1787 una

957 1804 1232 1843 Kentigernusque
1254 1801 1413 1843 Columba,

909 1853 1016 1884 Aurea
1041 1852 1096 1882 lux
1122 1850 1217 1889 capiti

957 1898 1024 1929 visa
1049 1900 1095 1928 est
1121 1895 1313 1928 descendere
1336 1895 1446 1936 sancti,

911 1946 1049 1985 Angelus
1071 1944 1145 1976 huic
1170 1943 1296 1974 rutilam

960 1990 1062 2023 defert
1088 1999 1156 2022 cum
1180 1990 1252 2022 luce
1276 1997 1431 2021 eoronam.

911 2067 985 2100 Cum
1015 2069 1180 2106 octogenos

960 2118 1085 2146 centum
1108 2121 1230 2152 quoque
1254 2112 1389 2151 quinquo
1411 2110 1459 2142 vir

1233 2167 1330 2190 annos

913 2207 1092 2246 Compleret
1115 2209 1250 2248 sanctus,

959 2257 1007 2285 est
1035 2253 1154 2294 Glasgu
1178 2253 1288 2285 funere
1311 2250 1446 2293 functus,

910 2301 1002 2332 Nunc
1025 2309 1120 2340 super
1142 2302 1228 2331 astra
1252 2301 1337 2329 satus

963 2346 1082 2380 residet
1103 2354 1259 2386 regnaque
1280 2344 1401 2377 beatus.
