1650 2542
673 116 924 151 —133-

232 213 348 244 Fracto
373 221 468 244 cornu
492 212 658 251 superbiae

235 259 318 290 Vera
341 258 379 290 fit
402 259 562 290 exaltatio.

199 340 206 347 .
232 315 408 347 Illuxerunt
432 314 501 345 orbi
524 316 629 345 terrae

236 360 464 393 Miraculorum
488 359 624 399 fulgura,

234 407 320 445 Quae
343 407 478 439 maxime
504 404 762 437 commendabant

237 454 462 493 Apostolorum
484 455 637 492 tempora.

201 533 209 540 .
235 509 385 540 Exaltate
406 508 507 539 sancti
530 510 651 539 montes

237 554 389 586 Sanctum
413 557 591 586 sanctorum
617 553 762 594 omnium,

240 601 335 633 Cuius
361 602 482 633 caelum
506 600 592 632 facta
615 599 715 636 sedes,

238 648 339 679 Terra
363 648 480 689 pedum
504 646 694 678 subsellium.

374 740 579 775 Responsoria.

206 823 213 830 .
241 797 315 828 Post
338 796 488 836 temporis

283 846 475 874 transactum
499 843 633 881 spatium

238 889 372 920 Devotio

285 943 427 966 crescens
448 933 589 965 fidelium

240 981 353 1013 Sancto
379 983 518 1012 sanctam

285 1026 362 1058 fecit
384 1027 557 1064 basilicam,

239 1075 277 1106 In
302 1083 363 1113 qua
387 1073 463 1105 colit

287 1120 368 1150 hanc
392 1128 543 1159 gemmam
568 1119 700 1150 unicam.

198 1190 206 1198 .
235 1166 375 1197 Inventa
397 1174 467 1196 una
483 1165 629 1205 pretiosa
651 1172 779 1203 marya-

238 1211 305 1244 rita
338 1212 419 1243 abiit
443 1214 470 1243 et
493 1211 568 1243 emit
590 1211 674 1242 hanc
696 1219 780 1250 qem-

238 1267 328 1290 mam
350 1258 492 1289 urticam.

206 1341 213 1348 .
239 1315 264 1346 Ο
290 1314 428 1354 lucerna,
455 1322 546 1352 quam
570 1321 708 1351 superna

289 1360 361 1392 Lux
384 1360 522 1391 illustrat
542 1359 652 1400 gratia,

244 1407 268 1439 O
294 1407 378 1438 oliva
399 1414 521 1445 semper
545 1406 618 1436 viva

290 1451 452 1485 Profluens
478 1452 649 1493 clementia,

239 1499 306 1531 Fac
326 1508 383 1530 nos
408 1507 491 1537 vere,
517 1497 569 1529 fac
593 1498 714 1529 sincere

287 1546 412 1578 Laudes
436 1548 506 1576 tuas
531 1544 690 1583 prosequi,

240 1593 286 1625 Ut
296 1596 369 1631 post
380 1594 511 1623 mortem
521 1593 659 1622 sanctam
669 1592 784 1621 sortem

285 1638 465 1670 Mereamur
488 1637 621 1676 assequi.

202 1713 208 1719 .
237 1685 433 1724 Ierusalem,
474 1693 555 1724 quae
595 1683 785 1723 aedificatur

831 210 866 242 V.
897 208 1069 249 Acciwyere
1106 207 1215 247 qladio
1256 209 1309 239 tuo
1342 214 1439 245 super

899 256 1004 295 femur
1027 256 1128 296 tuum,
1151 252 1379 297 potentissime.

982 367 998 398 1
1008 375 1027 396 n
1057 365 1086 397 L
1095 374 1114 396 a
1123 365 1171 396 ud
1179 365 1191 395 i
1200 364 1220 395 b
1230 374 1251 395 u
1261 373 1286 395 s.

1037 436 1229 472 Antiphonae.

850 496 880 528 1.
904 494 1061 526 Mirabilis

951 541 1061 571 matris
1086 539 1309 579 praesumptio,

907 586 1003 624 Quam
1027 586 1237 625 praesumpsit

952 641 1009 672 pro
1034 641 1089 664 suo
1115 631 1191 671 filio,

999 679 1044 710 Ut
1069 679 1253 710 concederet
1276 684 1414 716 regnum.

875 768 882 776 .
906 743 1100 783 Reprimitur

952 789 1062 820 matris
1085 788 1307 828 praesumptio,

907 836 1093 867 Prudentia-

954 890 1014 921 que
1036 881 1234 920 magisterio:

999 927 1134 958 Nescitis
1160 926 1235 966 quid
1259 925 1383 965 petatis.

852 1012 859 1021 .
877 1018 883 1025 .
909 991 1057 1029 Siscitati,

954 1038 981 1068 si
1004 1039 1133 1076 possent
1157 1037 1294 1074 calicem,

911 1083 1092 1114 Passionum

955 1133 1132 1161 sanctarum
1155 1129 1301 1170 indicem,

1000 1175 1203 1214 Respondent
1225 1183 1398 1214 possumus.

875 1264 883 1272 .
908 1241 1028 1272 Bibetis
1052 1241 1096 1271 ait
1123 1240 1249 1282 veritas,

956 1287 1039 1326 quod
1062 1286 1151 1318 vobis
1174 1285 1405 1325 propinabitur,

908 1333 971 1365 Sed
995 1333 1106 1364 sedere
1131 1336 1183 1363 est-
1202 1341 1317 1374 eorum,

956 1379 1067 1419 quibus
1092 1388 1110 1410 a
1130 1382 1222 1418 patre
1249 1378 1384 1410 dabitur.

852 1446 882 1477 5.
907 1444 1029 1476 Felices
1054 1444 1145 1482 oculi,

958 1499 1033 1530 quos
1057 1490 1227 1522 illustravit
1251 1490 1340 1529 visio,

912 1537 1011 1575 Quam
1036 1536 1152 1568 Christi
1178 1536 1309 1567 contulit

956 1585 1064 1614 sancta
1087 1582 1332 1622 transfiguratio.

1026 1665 1071 1692 Ad
1088 1665 1268 1692 Benedictus.

237 1734 275 1763 ut
301 1732 429 1771 civitas,
462 1731 552 1763 ouius
570 1730 782 1770 participatio
841 1725 880 1758 A.
910 1724 989 1763 Ave,
1014 1725 1113 1762 pater,

241 1779 308 1810 cius
333 1778 371 1809 ‘m
393 1778 545 1817 idipsum.

208 1859 215 1867 .
242 1834 267 1866 Ο
290 1834 433 1865 columna

289 1880 431 1911 sincerae
453 1878 537 1921 fidei,

242 1928 341 1967 Quam
365 1929 540 1965 martyrum

291 1974 493 2005 circumstant
518 1972 617 2011 cunei,

242 2021 267 2053 Ο
292 2020 416 2060 Iacobo„

289 2075 362 2107 spes
386 2069 418 2098 et
441 2065 594 2106 refugium

241 2114 398 2146 Fideliter

289 2160 349 2192 tibi
371 2160 550 2199 astantium,

246 2208 369 2248 serves,
395 2209 513 2246 sancte,

290 2256 430 2287 sanctam
454 2253 619 2285 ecclesiam

243 2302 288 2334 Et
311 2300 471 2340 propellas

290 2356 413 2380 omnem
437 2347 620 2380 molestiam.

957 1773 1065 1801 nostra
1088 1769 1254 1811 protectio,

912 1817 1028 1849 Noster
1052 1825 1139 1847 amor

958 1866 991 1894 et
1014 1862 1195 1903 consolatio,

915 1910 1105 1941 Assistentes

960 1959 1014 1987 tuo
1039 1955 1166 1987 servitio

913 2003 980 2034 Fac
1003 2003 1153 2033 immunes

962 2049 1001 2081 ab
1026 2049 1109 2081 omni
1133 2048 1220 2081 vitio.

985 2163 1031 2194 In
1057 2163 1088 2194 2.
1113 2161 1220 2200 Vesp
1232 2161 1340 2201 eris..

1057 2235 1249 2270 Antiphonae.

859 2294 889 2326 1.
917 2293 941 2325 Ο
966 2294 1069 2325 suavis

965 2344 996 2371 et
1018 2341 1098 2372 mira
1120 2341 1231 2381 gratia,
