1650 2542
761 125 1013 160 —114—

404 218 421 249 I
431 227 450 248 n
476 217 503 249 L
511 226 530 248 a
538 226 559 248 u
569 218 588 249 d
597 218 608 248 i
617 217 636 249 b
646 227 666 249 u
674 227 698 250 s.

458 290 648 325 Antiphonae.

262 346 292 377 1.
319 345 419 384 Regni
442 347 583 378 caelestis
609 347 703 387 curia,

368 391 435 423 Cito
459 392 579 424 obviam
605 394 741 425 venimus

315 438 376 469 Pro
400 439 555 477 leronymi
579 440 690 478 anima,

362 484 438 521 Quia
466 485 626 515 mandavit
648 485 806 517 Dominus.

285 565 290 570 .
316 538 365 569 De
394 539 495 570 carnis
519 541 674 578 ergastulo

362 584 506 615 Animam
531 589 683 626 separate,

317 630 396 660 Eam
422 639 490 662 cum
515 640 632 663 summo
657 633 769 672 gaudio

363 677 524 717 Ferentes,
549 678 688 710 iubilate.

283 756 290 763 .
316 732 477 762 immensis
501 732 658 764 beneficiis

359 777 554 816 leronymum
579 779 716 818 laudate,

316 821 422 853 Caecis
446 824 544 854 visum
569 825 705 855 restituit

360 868 468 909 Tactu,
493 870 640 901 laudetur
664 870 758 904 Deus.

283 947 289 953 .
316 922 528 955 Nefandorum
552 926 715 964 spirituum

361 970 579 1008 Propulsorem
603 972 758 1012 adducite,

313 1015 446 1054 Laudes,
474 1017 566 1048 decus
591 1020 622 1048 et
645 1018 744 1057 gloria

359 1061 530 1093 Psallentes
554 1063 736 1095 benedicite.

286 1138 292 1144 .
320 1115 478 1147 Solventes
502 1118 627 1157 linguae
651 1120 806 1151 vinculum

363 1162 403 1193 Et
428 1163 545 1193 aurium
571 1168 679 1195 vocate

312 1207 477 1238 Doctorem
504 1209 658 1249 eximium,

356 1253 549 1285 Extollentes
574 1256 709 1289 laudate.

428 1326 473 1353 Ad
492 1327 671 1355 Benedictus.

275 1409 280 1414 .
313 1382 408 1413 Nobis
433 1384 507 1413 assit
532 1385 712 1423 leronymus

354 1428 528 1460 Virtutibus
553 1431 697 1470 munitus,

308 1474 368 1505 Per
392 1483 481 1513 quem
505 1477 604 1507 malus
629 1477 802 1509 haereticus

352 1521 387 1551 ln
412 1521 528 1560 lignum
554 1525 599 1553 est
622 1526 757 1556 mutatus

305 1567 349 1598 Et,
371 1567 511 1598 omnibus
535 1569 709 1600 videntibus

353 1612 403 1644 Ab
428 1613 500 1653 igne
524 1617 571 1645 est
595 1620 792 1655 consumptus

306 1659 348 1689 Et
371 1659 404 1689 in
429 1660 561 1691 cinerem
587 1669 769 1703 conversus3

351 1705 436 1736 Deus
461 1706 501 1736 sit
525 1706 715 1741 benedictus

419 1797 496 1828 Per
519 1798 663 1831 Horas.

442 1869 487 1896 Ad
505 1870 638 1898 Primam.

268 1950 275 1956 .
305 1924 358 1955 Nil
380 1934 530 1964 quaerens
554 1927 734 1967 leronymus

352 1970 447 2008 Quam
475 1973 605 2005 salutem
629 1984 686 2013 pro
711 1976 843 2016 homine,

307 2015 393 2047 Sicut
415 2018 503 2049 novit
525 2019 704 2060 altissimus,

352 2062 457 2095 Dixit:
483 2064 568 2095 Deus
592 2066 626 2096 in
650 2068 781 2101 nomine.

442 2136 486 2162 Ad
505 2137 640 2164 Tertiam.

269 2218 274 2223 .
306 2191 408 2223 Corde
433 2192 566 2224 clamans
589 2195 788 2236 leronymus:

353 2237 438 2269 Deus
463 2241 495 2269 et
517 2242 625 2278 pastor
648 2243 772 2286 optime,

306 2284 364 2322 Qui
389 2293 420 2315 es
446 2285 605 2317 doctorum
630 2289 762 2327 optimus

350 2330 397 2361 Tu
420 2331 496 2362 mihi
519 2332 618 2372 legem
642 2343 732 2373 pone.
764 2315 773 2333 ⁷

1126 217 1170 244 Ad
1190 217 1314 245 Sextam.

914 283 954 315 A.
985 284 1101 316 Latcns
1125 285 1209 316 intra
1233 285 1451 324 corpusculum

1027 331 1126 362 Amor
1150 339 1219 361 eum
1242 329 1375 370 perfecit

983 374 1166 420 Duxit[que]
1191 378 1232 408 ad
1255 376 1463 416 praesepium,

1028 423 1064 454 ln
1089 432 1148 463 quo
1172 424 1287 455 mundo
1313 422 1438 455 defecit.

1128 514 1173 541 Ad
1193 515 1220 542 N
1222 523 1314 541 onam.

911 580 949 611 A.
982 580 1088 619 Usque
1113 581 1153 611 ad
1179 580 1271 611 finem
1295 581 1417 620 pariter

1027 627 1212 665 contempsit
1234 627 1414 666 mundialia,

979 671 1102 703 Laudes
1126 672 1186 703 Dei
1209 674 1410 712 magnificans

1022 718 1161 749 narravit
1184 719 1349 751 mirabilia.

1043 856 1086 887 ln
1113 857 1143 889 2.
1174 857 1388 896 Vesperis.

1119 947 1309 983 Antiphonae.

943 1036 950 1043 .
977 1012 1132 1044 Imitando
1160 1014 1292 1053 vestigia

1026 1058 1197 1090 Salvator-is
1221 1060 1403 1099 leronymus

976 1103 1122 1135 Deseruit
1146 1107 1277 1144 propria

1023 1149 1111 1181 Sicut
1137 1151 1217 1182 dixit
1239 1152 1400 1187 Dominus.

943 1239 949 1245 .
977 1215 1080 1253 Opera
1102 1225 1213 1255 magna
1237 1217 1363 1248 Domini

1020 1262 1184 1300 Inquirens
1207 1263 1393 1307 meditabor,

983 1307 1067 1338 Viam
1092 1308 1201 1339 salutis
1226 1309 1342 1341 homini

1019 1353 1168 1385 Enodans
1198 1355 1378 1388 confitebor.

942 1442 948 1449 .
974 1418 1124 1449 Habitum
1148 1428 1259 1458 gerens
1283 1421 1441 1463 humilem,

1020 1465 1197 1497 Virtutibus
1221 1471 1348 1499 ornatus

974 1510 1139 1542 Exaltatus
1166 1515 1214 1543 est
1237 1513 1331 1546 hodie

1019 1558 1201 1596 leronymus
1230 1559 1349 1593 beatus.

939 1645 946 1652 .
972 1622 1002 1652 A
1026 1631 1144 1653 summo
1169 1624 1255 1662 rapit,
1278 1626 1424 1664 spiritum

1016 1669 1044 1698 A
1068 1670 1177 1700 mundi
1201 1671 1345 1711 sanitate,

974 1712 1051 1744 Cum
1076 1714 1166 1746 beato
1191 1716 1366 1758 leronymo,

1020 1760 1123 1803 Pueri,
1149 1761 1250 1793 Deum
1274 1764 1412 1798 laudate.

938 1849 945 1855 .
972 1822 1090 1855 Norma
1113 1826 1298 1869 scripturae,
1325 1832 1487 1869 speculum

1018 1870 1109 1902 Vitae
1129 1872 1162 1903 in
1187 1875 1362 1915 sanctitate,

972 1916 1051 1954 Quia
1076 1918 1220 1958 despexit
1243 1923 1411 1963 saeculum,

1018 1963 1130 1995 Omnes
1155 1969 1272 2008 gentes,
1299 1968 1436 2004 laudate.

1082 2054 1127 2081 Ad
1145 2056 1322 2091 Magnificat.

932 2133 938 2140 .
971 2110 1114 2149 Regnans
1138 2121 1268 2152 magnus
1293 2115 1477 2158 leronymus

970 2157 1008 2187 In
1031 2156 1119 2196 urbe,
1146 2167 1237 2197 quam
1263 2162 1418 2203 aedificat,

971 2202 1025 2233 Sui
1049 2206 1236 2236 monstravit
1259 2209 1389 2241 artubus

969 2248 1082 2287 Legem
1107 2259 1198 2288 quam
1221 2252 1283 2284 iam
1306 2255 1466 2299 laetificat,

971 2294 1061 2325 Viam
1085 2296 1170 2327 vitae
1193 2299 1343 2336 notificat.

972 2340 1090 2380 Regum
1115 2351 1218 2384 regem
1244 2348 1431 2387 magnificat.
