1650 2542
748 164 905 197 —282
954 184 997 189 —

365 256 409 286 In
436 256 466 287 1.
492 256 716 288 Nocturno.

441 356 630 391 Antiphonae.

245 430 274 461 1.
300 429 441 469 Domine,
466 430 616 462 Dominus
640 435 756 471 noster,

298 476 399 507 Valde
423 485 455 507 es
479 476 640 515 mirabilis,

296 521 377 552 Dum
401 522 506 560 puella
530 521 650 561 fragilis

299 567 419 598 Subicit
441 568 498 599 sub
522 569 654 607 pedibus

298 613 406 644 Omnia
430 622 499 644 cum
522 615 676 648 laudibus,

264 701 271 708 .
298 677 383 709 Caeli
408 677 529 717 fulgens
555 679 643 717 solio,

297 723 377 754 Solis
399 724 513 755 amicta
535 726 631 764 pallio

294 769 464 809 Tamquam
488 780 603 809 sponsa
628 772 667 803 de
699 773 834 804 thalamo

294 815 437 847 Candore
460 817 539 847 nitet,
562 817 662 850 niveo.

264 901 270 908 .
297 879 421 911 Domini
445 883 543 912 virtus
569 886 740 921 enarratur,

295 926 432 957 Parienti
455 926 651 968 suffragatur,

293 971 356 1002 Ubi
379 972 431 1010 pie
452 974 614 1004 invocatur

290 1017 488 1057 Margaretae
512 1020 703 1054 vocabulum.

425 1111 627 1146 Responsoria.

256 1208 264 1215 .
291 1183 404 1215 Sancta
429 1184 543 1216 Christi

331 1231 418 1269 virgo
441 1231 630 1273 Margareta,

288 1276 323 1306 In
347 1276 479 1308 Domino
505 1278 630 1318 confisa,

288 1322 323 1352 In
349 1326 515 1361 conspectu

335 1368 455 1406 Olybrii
478 1373 569 1408 rapta

288 1413 442 1444 Christum
463 1418 509 1446 est

336 1463 512 1492 constanter
533 1462 693 1504 professa3

247 1529 254 1534 .
289 1504 381 1536 Caelo
404 1510 508 1538 mente
533 1509 696 1541 coniuncta

284 1551 422 1583 Terrena
445 1555 563 1593 respuit
590 1560 707 1587 cuncta.

251 1640 258 1646 .
283 1615 376 1655 Virgo
400 1617 461 1648 Dei
484 1618 673 1659 Margareta‚

282 1662 357 1700 Igne
380 1664 480 1694 sancti

328 1709 456 1746 spiritus
480 1711 610 1750 repleta,

283 1754 316 1784 In
344 1758 509 1793 conspectu
532 1757 707 1796 principum

283 1798 481 1838 Loquebatur
505 1803 688 1841 sapientiam

280 1846 415 1884 Turpem
441 1848 561 1887 Olybrii

280 1891 448 1923 confutans
472 1894 699 1937 insipientiam3

211 1936 246 1969 V.
275 1936 402 1970 Infirma
426 1941 534 1972 mundi
559 1942 644 1981 eligit

278 1983 374 2024 Deus,
399 1988 435 2016 ut
457 1986 627 2019 confundat
651 1988 755 2022 fortia.

220 2048 253 2079 3.
278 2048 403 2087 Integra
427 2051 515 2090 virgo
540 2051 604 2083 fide

324 2099 396 2133 post
418 2098 545 2128 tortoris
571 2100 725 2131 cruciatus

278 2139 443 2172 Tortorum
466 2152 582 2182 poenas

326 2187 427 2218 varios
452 2190 614 2229 carnisque
636 2196 755 2225 rotatus

278 2232 406 2263 Transit
429 2239 614 2276 constanter,

321 2279 476 2311 Christum
492 2281 632 2315 confessa
647 2288 816 2323 gratanter.

204 2323 242 2357 V.
272 2324 369 2364 Quem
391 2326 486 2368 vidit,
512 2337 604 2367 quem
627 2332 756 2374 amavit,
782 2333 819 2365 in

276 2379 367 2409 quiem
391 2374 530 2417 credidit,
558 2385 651 2414 quem
674 2377 791 2411 dilevit.

1028 260 1072 290 In
1097 260 1127 291 2.
1153 258 1383 291 Nocturno.

1110 323 1302 357 Antiphonae.

933 394 939 401 .
965 370 1088 401 Dilexit
1111 370 1189 401 haec
1211 370 1406 408 munditiam,

965 415 1123 455 Spernens
1145 417 1256 447 mundi
1281 417 1473 455 spurcitiam,

963 462 1047 493 Hinc
1071 463 1139 493 oleo
1163 463 1304 494 laetitiae

962 508 1066 540 Uncta
1090 509 1248 539 exsultans
1273 509 1402 549 gloriae.

930 588 937 594 .
963 563 1054 594 Hanc
1077 572 1260 603 suspensam
1284 565 1317 595 in
1341 573 1424 604 aere,

959 610 1125 641 Tortorum
1151 610 1282 641 cinctam
1307 611 1440 642 verbere

961 656 1105 687 Protexit
1127 656 1159 687 in
1184 657 1333 696 periculis

959 703 1099 740 Impetus
1123 703 1235 733 summi
1258 701 1404 735 fluminis.

928 784 934 790 .
961 758 985 790 O
1010 757 1121 788 inclita
1144 759 1327 798 virguncula

961 804 1045 842 Quae
1068 805 1152 835 inter
1174 807 1222 836 tot
1245 805 1386 844 pericula

959 850 1107 882 Fundat-a
1131 852 1249 882 sanctis
1273 852 1430 883 montibus

960 897 1131 929 ConcuIcas
1156 898 1254 929 hostis
1278 898 1422 937 impetus,

1095 962 1299 996 Responsoria.

925 1035 931 1041 .
956 1008 1039 1039 Dum
1064 1012 1169 1039 oraret
1191 1013 1300 1041 sancta
1323 1010 1411 1050 virgo

957 1055 995 1085 In
1019 1055 1153 1086 carceris
1178 1056 1344 1096 ergastulo,

956 1101 1051 1140 Ecce,
1077 1110 1206 1140 surgens
1232 1102 1271 1133 de
1294 1105 1407 1142 angulo

954 1147 1057 1178 Draco
1082 1150 1210 1186 aspectu
1234 1149 1362 1182 horrido

956 1193 1108 1232 Sponsam
1134 1193 1249 1225 Christi
1276 1195 1449 1235 absorbuit,

955 1238 1018 1270 Sed
1042 1239 1163 1270 medius
1187 1249 1260 1271 mox
1285 1243 1425 1284 crepuit3

915 1310 922 1316 .
953 1285 1030 1323 Tua,
1058 1285 1190 1325 Christe,
1216 1289 1290 1317 sunt
1313 1296 1409 1326 opera

953 1331 1081 1371 Tuaque
1105 1331 1184 1363 haec
1207 1333 1368 1365 miracula.

919 1411 926 1418 .
952 1386 1072 1426 Erepta
1094 1390 1216 1426 martyr
1239 1389 1354 1420 nobilis

952 1432 1023 1463 Diri
1048 1433 1192 1465 draconis
1217 1433 1359 1466 faucibus

951 1478 1142 1510 Daemonem
1167 1479 1269 1512 forma
1293 1482 1427 1514 hominis

953 1524 1060 1556 Cernit
1082 1526 1213 1565 ligatum
1237 1529 1390 1568 manibus,

913 1595 920 1601 .
948 1571 1118 1603 Exsultans
1142 1572 1204 1604 Dei
1225 1574 1370 1605 laudibus

950 1618 1045 1657 Virgo
1069 1618 1152 1650 hunc
1174 1620 1290 1659 premit
1310 1622 1454 1659 pedibus.

1004 1701 1049 1731 In
1075 1703 1105 1733 3.
1133 1702 1364 1736 Nocturno.

1092 1765 1283 1801 Antiphcnae.

914 1835 920 1841 .
949 1810 1102 1842 Conclusa
1127 1813 1215 1852 virgo
1242 1822 1369 1846 carcerc

945 1856 1099 1888 Draconis
1123 1858 1156 1890 in
1181 1858 1285 1899 effigie

944 1905 975 1933 A
1001 1904 1150 1936 daemone
1174 1907 1334 1947 arripitur,

946 1948 1009 1980 Sed
1033 1959 1052 1981 a
1077 1950 1201 1984 Christo
1227 1954 1369 1992 eripitur.

912 2030 918 2037 .
944 2004 1091 2036 Extensis
1117 2008 1204 2039 caelo
1228 2010 1372 2041 manibus

943 2050 1111 2090 Tripudiat
1135 2053 1170 2084 in
1195 2055 1351 2095 laudibus,

943 2096 979 2128 In
1004 2098 1145 2130 adversis
1168 2101 1256 2140 virgo
1280 2102 1373 2142 laeta,

945 2142 1008 2182 Spe
1031 2145 1181 2185 gaudens,
1207 2147 1273 2178 Deo
1299 2150 1430 2188 repleta.

910 2223 917 2230 .
944 2199 1059 2231 Sancta
1082 2201 1272 2243 Margareta,
1299 2208 1368 2237 tuos

943 2246 1094 2278 Famulos
1118 2248 1171 2286 pio
1195 2254 1326 2288 precatu

943 2292 993 2323 Ab
1019 2294 1101 2324 omni
1127 2295 1218 2334 culpa
1243 2299 1386 2339 emunda,

944 2338 1170 2372 Commendans
1194 2342 1262 2375 Deo
1288 2346 1469 2379 caelestium

944 2385 990 2417 Ut
1007 2389 1167 2418 consortes
1184 2387 1281 2422 facias
1293 2393 1487 2431 gaudiorum.
