<?xml version="1.0" encoding="UTF-8"?>
<!DOCTYPE html PUBLIC "-//W3C//DTD XHTML 1.0 Transitional//EN"
    "http://www.w3.org/TR/xhtml1/DTD/xhtml1-transitional.dtd">
<html xmlns="http://www.w3.org/1999/xhtml" xml:lang="en" lang="en">
 <head>
  <title>
</title>
<meta http-equiv="Content-Type" content="text/html;charset=utf-8" />
  <meta name='ocr-system' content='tesseract 3.04.00' />
  <meta name='ocr-capabilities' content='ocr_page ocr_carea ocr_par ocr_line ocrx_word'/>
</head>
<body>
  <div class='ocr_page' id='page_1' title='image "./analectahymnica26drevuoft_00104.png"; bbox 0 0 1650 2542; ppageno 0'>
   <div class='ocr_carea' id='block_1_1' title="bbox 704 126 960 160">
    <p class='ocr_par' dir='ltr' id='par_1_1' title="bbox 704 126 960 160">
     <span class='ocr_line' id='line_1_1' title="bbox 704 126 960 160; baseline 0.004 -1"><span class='ocrx_word' id='word_1_1' title='bbox 704 126 960 160; x_wconf 84' lang='lat'>-101—</span> 
     </span>
    </p>
   </div>
   <div class='ocr_carea' id='block_1_2' title="bbox 187 217 734 489">
    <p class='ocr_par' dir='ltr' id='par_1_2' title="bbox 187 217 734 489">
     <span class='ocr_line' id='line_1_2' title="bbox 327 217 670 257; baseline 0.012 -9"><span class='ocrx_word' id='word_1_2' title='bbox 327 217 372 248; x_wconf 89' lang='lat' dir='ltr'>In</span> <span class='ocrx_word' id='word_1_3' title='bbox 399 219 429 250; x_wconf 84' lang='lat'>2.</span> <span class='ocrx_word' id='word_1_4' title='bbox 456 218 670 257; x_wconf 83' lang='lat' dir='ltr'>VesperiS.</span> 
     </span>
     <span class='ocr_line' id='line_1_3' title="bbox 376 266 615 304; baseline 0.008 -11"><span class='ocrx_word' id='word_1_5' title='bbox 376 266 420 293; x_wconf 89' lang='lat' dir='ltr'>Ad</span> <span class='ocrx_word' id='word_1_6' title='bbox 439 267 615 304; x_wconf 82' lang='lat' dir='ltr'>Magnificat.</span> 
     </span>
     <span class='ocr_line' id='line_1_4' title="bbox 187 308 672 350; baseline 0.004 -10"><span class='ocrx_word' id='word_1_7' title='bbox 187 309 227 340; x_wconf 89' lang='lat' dir='ltr'>A.</span> <span class='ocrx_word' id='word_1_8' title='bbox 257 308 441 349; x_wconf 78' lang='lat' dir='ltr'>Magnificat</span> <span class='ocrx_word' id='word_1_9' title='bbox 463 313 504 349; x_wconf 93' lang='lat' dir='ltr'>te,</span> <span class='ocrx_word' id='word_1_10' title='bbox 529 312 672 350; x_wconf 85' lang='lat' dir='ltr'>Domine,</span> 
     </span>
     <span class='ocr_line' id='line_1_5' title="bbox 306 358 734 399; baseline 0.007 -13"><span class='ocrx_word' id='word_1_11' title='bbox 306 358 429 387; x_wconf 87' lang='lat' dir='ltr'>tuorum</span> <span class='ocrx_word' id='word_1_12' title='bbox 453 365 539 388; x_wconf 92' lang='lat' dir='ltr'>mens</span> <span class='ocrx_word' id='word_1_13' title='bbox 564 366 734 399; x_wconf 88' lang='lat' dir='ltr'>servorum,</span> 
     </span>
     <span class='ocr_line' id='line_1_6' title="bbox 257 403 595 443; baseline 0.003 -10"><span class='ocrx_word' id='word_1_14' title='bbox 257 403 312 440; x_wconf 76' lang='lat' dir='ltr'>Qui</span> <span class='ocrx_word' id='word_1_15' title='bbox 339 411 371 433; x_wconf 86' lang='lat' dir='ltr'>os</span> <span class='ocrx_word' id='word_1_16' title='bbox 396 411 472 434; x_wconf 90' lang='lat' dir='ltr'>vera</span> <span class='ocrx_word' id='word_1_17' title='bbox 496 403 595 443; x_wconf 84' lang='lat' dir='ltr'>gloria</span> 
     </span>
     <span class='ocr_line' id='line_1_7' title="bbox 305 449 693 489; baseline 0.003 -10"><span class='ocrx_word' id='word_1_18' title='bbox 305 452 337 479; x_wconf 88' lang='lat' dir='ltr'>et</span> <span class='ocrx_word' id='word_1_19' title='bbox 359 449 509 488; x_wconf 89' lang='lat' dir='ltr'>splendor</span> <span class='ocrx_word' id='word_1_20' title='bbox 531 450 693 489; x_wconf 86' lang='lat' dir='ltr'>iustorum,</span> 
     </span>
    </p>
   </div>
   <div class='ocr_carea' id='block_1_3' title="bbox 260 511 845 549">
    <p class='ocr_par' dir='ltr' id='par_1_3' title="bbox 260 511 845 549">
     <span class='ocr_line' id='line_1_8' title="bbox 260 511 845 549; baseline 0.003 -10"><span class='ocrx_word' id='word_1_21' title='bbox 260 513 343 539; x_wconf 81' lang='lat' dir='ltr'>Brev.</span> <span class='ocrx_word' id='word_1_22' title='bbox 364 521 416 540; x_wconf 88' lang='lat' dir='ltr'>ms.</span> <span class='ocrx_word' id='word_1_23' title='bbox 438 513 619 549; x_wconf 79' lang='lat' dir='ltr'>Stirpinense</span> <span class='ocrx_word' id='word_1_24' title='bbox 639 511 684 540; x_wconf 88' lang='lat'>30.</span> <span class='ocrx_word' id='word_1_25' title='bbox 705 522 779 541; x_wconf 89' lang='lat' dir='ltr'>saec.</span> <span class='ocrx_word' id='word_1_26' title='bbox 802 512 845 541; x_wconf 87' lang='grc'>15.</span> 
     </span>
    </p>
   </div>
   <div class='ocr_carea' id='block_1_4' title="bbox 924 219 1388 491">
    <p class='ocr_par' dir='ltr' id='par_1_4' title="bbox 924 219 1388 491">
     <span class='ocr_line' id='line_1_9' title="bbox 930 219 1351 259; baseline -0.007 -8"><span class='ocrx_word' id='word_1_27' title='bbox 930 221 987 259; x_wconf 78' lang='lat' dir='ltr'>Qui</span> <span class='ocrx_word' id='word_1_28' title='bbox 1014 220 1170 251; x_wconf 88' lang='lat' dir='ltr'>doctorem</span> <span class='ocrx_word' id='word_1_29' title='bbox 1196 219 1351 259; x_wconf 82' lang='lat' dir='ltr'>egregium</span> 
     </span>
     <span class='ocr_line' id='line_1_10' title="bbox 975 266 1280 306; baseline -0.003 -9"><span class='ocrx_word' id='word_1_30' title='bbox 975 267 1076 298; x_wconf 87' lang='lat' dir='ltr'>choris</span> <span class='ocrx_word' id='word_1_31' title='bbox 1100 266 1280 306; x_wconf 85' lang='lat' dir='ltr'>angelorum</span> 
     </span>
     <span class='ocr_line' id='line_1_11' title="bbox 927 313 1195 344; baseline -0.004 0"><span class='ocrx_word' id='word_1_32' title='bbox 927 313 1078 344; x_wconf 80' lang='lat' dir='ltr'>Invexisti</span> <span class='ocrx_word' id='word_1_33' title='bbox 1100 313 1195 344; x_wconf 89' lang='lat' dir='ltr'>hodie</span> 
     </span>
     <span class='ocr_line' id='line_1_12' title="bbox 973 359 1388 399; baseline -0.007 -9"><span class='ocrx_word' id='word_1_34' title='bbox 973 368 1040 390; x_wconf 91' lang='lat' dir='ltr'>cum</span> <span class='ocrx_word' id='word_1_35' title='bbox 1064 359 1176 399; x_wconf 82' lang='lat' dir='ltr'>gaudio</span> <span class='ocrx_word' id='word_1_36' title='bbox 1202 359 1388 396; x_wconf 85' lang='lat' dir='ltr'>sanctorum,</span> 
     </span>
     <span class='ocr_line' id='line_1_13' title="bbox 924 405 1314 445; baseline -0.008 -8"><span class='ocrx_word' id='word_1_37' title='bbox 924 405 1048 437; x_wconf 81' lang='lat' dir='ltr'><strong>Exaudi</strong></span> <span class='ocrx_word' id='word_1_38' title='bbox 1074 405 1314 445; x_wconf 78' lang='lat' dir='ltr'><strong>supplicantium</strong></span> 
     </span>
     <span class='ocr_line' id='line_1_14' title="bbox 971 451 1298 491; baseline -0.006 -8"><span class='ocrx_word' id='word_1_39' title='bbox 971 461 1079 491; x_wconf 83' lang='lat' dir='ltr'>preces</span> <span class='ocrx_word' id='word_1_40' title='bbox 1104 451 1298 483; x_wconf 88' lang='lat' dir='ltr'>famulorum.</span> 
     </span>
    </p>
   </div>
   <div class='ocr_carea' id='block_1_5' title="bbox 599 603 1053 642">
    <p class='ocr_par' dir='ltr' id='par_1_5' title="bbox 599 603 1053 642">
     <span class='ocr_line' id='line_1_15' title="bbox 599 603 1053 642; baseline 0.004 -8"><span class='ocrx_word' id='word_1_41' title='bbox 599 603 644 634; x_wconf 84' lang='lat'>35.</span> <span class='ocrx_word' id='word_1_42' title='bbox 673 603 716 634; x_wconf 82' lang='lat' dir='ltr'>De</span> <span class='ocrx_word' id='word_1_43' title='bbox 735 604 841 634; x_wconf 84' lang='lat' dir='ltr'>sancto</span> <span class='ocrx_word' id='word_1_44' title='bbox 862 604 1053 642; x_wconf 81' lang='lat' dir='ltr'><strong>Hieronymo.</strong></span> 
     </span>
    </p>
   </div>
   <div class='ocr_carea' id='block_1_6' title="bbox 320 663 661 703">
    <p class='ocr_par' dir='ltr' id='par_1_6' title="bbox 320 663 661 703">
     <span class='ocr_line' id='line_1_16' title="bbox 320 663 661 703; baseline -0.003 -9"><span class='ocrx_word' id='word_1_45' title='bbox 320 663 365 694; x_wconf 85' lang='lat' dir='ltr'>In</span> <span class='ocrx_word' id='word_1_46' title='bbox 392 663 421 695; x_wconf 91' lang='lat'>1.</span> <span class='ocrx_word' id='word_1_47' title='bbox 447 663 661 703; x_wconf 90' lang='lat' dir='ltr'>Vesperis.</span> 
     </span>
    </p>
   </div>
   <div class='ocr_carea' id='block_1_7' title="bbox 394 735 586 770">
    <p class='ocr_par' dir='ltr' id='par_1_7' title="bbox 394 735 586 770">
     <span class='ocr_line' id='line_1_17' title="bbox 394 735 586 770; baseline 0.005 -9"><span class='ocrx_word' id='word_1_48' title='bbox 394 735 586 770; x_wconf 83' lang='lat' dir='ltr'>Antiphonae.</span> 
     </span>
    </p>
   </div>
   <div class='ocr_carea' id='block_1_8' title="bbox 190 791 755 1811">
    <p class='ocr_par' dir='ltr' id='par_1_8' title="bbox 199 791 646 832">
     <span class='ocr_line' id='line_1_18' title="bbox 199 791 646 832; baseline 0.002 -10"><span class='ocrx_word' id='word_1_49' title='bbox 199 791 230 823; x_wconf 89' lang='lat'>1.</span> <span class='ocrx_word' id='word_1_50' title='bbox 256 792 430 823; x_wconf 87' lang='lat' dir='ltr'>Iucundare</span> <span class='ocrx_word' id='word_1_51' title='bbox 453 792 646 832; x_wconf 74' lang='lat' dir='ltr'>Bethlehem,</span> 
     </span>
    </p>

    <p class='ocr_par' dir='ltr' id='par_1_9' title="bbox 301 837 547 878">
     <span class='ocr_line' id='line_1_19' title="bbox 301 837 547 878; baseline 0 -9"><span class='ocrx_word' id='word_1_52' title='bbox 301 837 422 869; x_wconf 87' lang='lat' dir='ltr'>Effrata</span> <span class='ocrx_word' id='word_1_53' title='bbox 445 838 547 878; x_wconf 86' lang='lat' dir='ltr'>beata,</span> 
     </span>
    </p>

    <p class='ocr_par' dir='ltr' id='par_1_10' title="bbox 255 884 755 971">
     <span class='ocr_line' id='line_1_20' title="bbox 255 884 755 925; baseline 0 -10"><span class='ocrx_word' id='word_1_54' title='bbox 255 884 339 922; x_wconf 79' lang='lat' dir='ltr'>Quae</span> <span class='ocrx_word' id='word_1_55' title='bbox 363 893 484 915; x_wconf 90' lang='lat' dir='ltr'>sursum</span> <span class='ocrx_word' id='word_1_56' title='bbox 509 893 551 922; x_wconf 86' lang='lat' dir='ltr'>es,</span> <span class='ocrx_word' id='word_1_57' title='bbox 576 885 755 925; x_wconf 85' lang='lat' dir='ltr'>Ierusalem,</span> 
     </span>
     <span class='ocr_line' id='line_1_21' title="bbox 300 930 677 971; baseline -0.003 -9"><span class='ocrx_word' id='word_1_58' title='bbox 300 930 429 969; x_wconf 83' lang='lat' dir='ltr'>Plaude,</span> <span class='ocrx_word' id='word_1_59' title='bbox 455 933 554 961; x_wconf 88' lang='lat' dir='ltr'>mater</span> <span class='ocrx_word' id='word_1_60' title='bbox 578 934 677 971; x_wconf 86' lang='lat' dir='ltr'>grata,</span> 
     </span>
    </p>

    <p class='ocr_par' dir='ltr' id='par_1_11' title="bbox 253 976 656 1055">
     <span class='ocr_line' id='line_1_22' title="bbox 253 976 656 1007; baseline 0 0"><span class='ocrx_word' id='word_1_61' title='bbox 253 976 333 1007; x_wconf 85' lang='lat' dir='ltr'>Nam</span> <span class='ocrx_word' id='word_1_62' title='bbox 360 977 469 1007; x_wconf 88' lang='lat' dir='ltr'>doctor</span> <span class='ocrx_word' id='word_1_63' title='bbox 492 976 656 1007; x_wconf 85' lang='lat' dir='ltr'>ineffabilis</span> 
     </span>
     <span class='ocr_line' id='line_1_23' title="bbox 301 1021 611 1055; baseline -0.006 0"><span class='ocrx_word' id='word_1_64' title='bbox 301 1022 453 1055; x_wconf 84' lang='lat' dir='ltr'>Caelestis</span> <span class='ocrx_word' id='word_1_65' title='bbox 477 1021 611 1054; x_wconf 75' lang='lat' dir='ltr'>facetiae</span> 
     </span>
    </p>

    <p class='ocr_par' dir='ltr' id='par_1_12' title="bbox 254 1068 642 1154">
     <span class='ocr_line' id='line_1_24' title="bbox 254 1068 642 1108; baseline 0 -9"><span class='ocrx_word' id='word_1_66' title='bbox 254 1068 467 1108; x_wconf 87' lang='lat' dir='ltr'>Columnaque</span> <span class='ocrx_word' id='word_1_67' title='bbox 490 1068 642 1100; x_wconf 87' lang='lat' dir='ltr'>mirabilis</span> 
     </span>
     <span class='ocr_line' id='line_1_25' title="bbox 299 1115 588 1154; baseline 0 -9"><span class='ocrx_word' id='word_1_68' title='bbox 299 1115 406 1146; x_wconf 92' lang='lat' dir='ltr'>Totius</span> <span class='ocrx_word' id='word_1_69' title='bbox 429 1115 588 1154; x_wconf 86' lang='lat' dir='ltr'>ecclesiae,</span> 
     </span>
    </p>

    <p class='ocr_par' dir='ltr' id='par_1_13' title="bbox 250 1160 636 1246">
     <span class='ocr_line' id='line_1_26' title="bbox 250 1160 636 1199; baseline 0 -8"><span class='ocrx_word' id='word_1_70' title='bbox 250 1160 296 1191; x_wconf 93' lang='lat' dir='ltr'>Te</span> <span class='ocrx_word' id='word_1_71' title='bbox 319 1161 433 1191; x_wconf 83' lang='lat' dir='ltr'>lustrat</span> <span class='ocrx_word' id='word_1_72' title='bbox 455 1161 636 1199; x_wconf 89' lang='lat' dir='ltr'>Ieronymus</span> 
     </span>
     <span class='ocr_line' id='line_1_27' title="bbox 296 1205 615 1246; baseline -0.003 -8"><span class='ocrx_word' id='word_1_73' title='bbox 296 1205 452 1246; x_wconf 87' lang='lat' dir='ltr'>Prodigiis</span> <span class='ocrx_word' id='word_1_74' title='bbox 476 1207 615 1246; x_wconf 88' lang='lat' dir='ltr'>insuetis,</span> 
     </span>
    </p>

    <p class='ocr_par' dir='ltr' id='par_1_14' title="bbox 248 1251 687 1338">
     <span class='ocr_line' id='line_1_28' title="bbox 248 1251 599 1293; baseline -0.003 -8"><span class='ocrx_word' id='word_1_75' title='bbox 248 1253 388 1285; x_wconf 88' lang='lat' dir='ltr'>Decorat</span> <span class='ocrx_word' id='word_1_76' title='bbox 410 1253 443 1284; x_wconf 89' lang='lat' dir='ltr'>in</span> <span class='ocrx_word' id='word_1_77' title='bbox 467 1251 599 1293; x_wconf 79' lang='lat' dir='ltr'>fastigiis</span> 
     </span>
     <span class='ocr_line' id='line_1_29' title="bbox 295 1299 687 1338; baseline 0 -8"><span class='ocrx_word' id='word_1_78' title='bbox 295 1299 341 1330; x_wconf 90' lang='lat' dir='ltr'>Te</span> <span class='ocrx_word' id='word_1_79' title='bbox 365 1299 485 1338; x_wconf 89' lang='lat' dir='ltr'>gaudiis</span> <span class='ocrx_word' id='word_1_80' title='bbox 510 1300 687 1338; x_wconf 86' lang='lat' dir='ltr'>praelaetis.</span> 
     </span>
    </p>

    <p class='ocr_par' dir='ltr' id='par_1_15' title="bbox 190 1353 740 1397">
     <span class='ocr_line' id='line_1_30' title="bbox 190 1353 740 1397; baseline 0 -11"><span class='ocrx_word' id='word_1_81' title='bbox 190 1356 220 1386; x_wconf 83' lang='lat'>2.</span> <span class='ocrx_word' id='word_1_82' title='bbox 248 1353 438 1386; x_wconf 82' lang='lat' dir='ltr'>Graecorum</span> <span class='ocrx_word' id='word_1_83' title='bbox 461 1354 514 1385; x_wconf 87' lang='lat' dir='ltr'>hic</span> <span class='ocrx_word' id='word_1_84' title='bbox 538 1357 569 1385; x_wconf 88' lang='lat' dir='ltr'>et</span> <span class='ocrx_word' id='word_1_85' title='bbox 591 1355 740 1397; x_wconf 85' lang='lat' dir='ltr'>Arabum,</span> 
     </span>
    </p>

    <p class='ocr_par' dir='ltr' id='par_1_16' title="bbox 293 1401 721 1439">
     <span class='ocr_line' id='line_1_31' title="bbox 293 1401 721 1439; baseline 0.002 -8"><span class='ocrx_word' id='word_1_86' title='bbox 293 1401 469 1439; x_wconf 83' lang='lat' dir='ltr'>Persarum,</span> <span class='ocrx_word' id='word_1_87' title='bbox 497 1401 721 1433; x_wconf 85' lang='lat' dir='ltr'>Chaldaeorum</span> 
     </span>
    </p>

    <p class='ocr_par' dir='ltr' id='par_1_17' title="bbox 248 1447 676 1534">
     <span class='ocr_line' id='line_1_32' title="bbox 248 1447 606 1485; baseline -0.003 -7"><span class='ocrx_word' id='word_1_88' title='bbox 248 1447 389 1479; x_wconf 81' lang='lat' dir='ltr'>Noverat</span> <span class='ocrx_word' id='word_1_89' title='bbox 412 1447 606 1485; x_wconf 88' lang='lat' dir='ltr'>potissimum</span> 
     </span>
     <span class='ocr_line' id='line_1_33' title="bbox 293 1493 676 1534; baseline 0 -10"><span class='ocrx_word' id='word_1_90' title='bbox 293 1493 426 1533; x_wconf 85' lang='lat' dir='ltr'>linguas,</span> <span class='ocrx_word' id='word_1_91' title='bbox 451 1493 676 1534; x_wconf 85' lang='lat' dir='ltr'>Hebraeorum,</span> 
     </span>
    </p>

    <p class='ocr_par' dir='ltr' id='par_1_18' title="bbox 247 1539 678 1624">
     <span class='ocr_line' id='line_1_34' title="bbox 247 1539 589 1579; baseline -0.003 -8"><span class='ocrx_word' id='word_1_92' title='bbox 247 1540 346 1571; x_wconf 89' lang='lat' dir='ltr'>Scivit</span> <span class='ocrx_word' id='word_1_93' title='bbox 369 1539 457 1579; x_wconf 86' lang='lat' dir='ltr'>quasi</span> <span class='ocrx_word' id='word_1_94' title='bbox 481 1539 589 1571; x_wconf 84' lang='lat' dir='ltr'>literas</span> 
     </span>
     <span class='ocr_line' id='line_1_35' title="bbox 305 1586 678 1624; baseline 0 -7"><span class='ocrx_word' id='word_1_95' title='bbox 305 1589 484 1618; x_wconf 84' lang='lat' dir='ltr'>cunctarum</span> <span class='ocrx_word' id='word_1_96' title='bbox 508 1586 678 1624; x_wconf 85' lang='lat' dir='ltr'>nationum,</span> 
     </span>
    </p>

    <p class='ocr_par' dir='ltr' id='par_1_19' title="bbox 247 1631 680 1718">
     <span class='ocr_line' id='line_1_36' title="bbox 247 1631 680 1672; baseline 0 -9"><span class='ocrx_word' id='word_1_97' title='bbox 247 1631 390 1664; x_wconf 83' lang='lat' dir='ltr'>Perfecte</span> <span class='ocrx_word' id='word_1_98' title='bbox 415 1640 536 1672; x_wconf 87' lang='lat' dir='ltr'>quoque</span> <span class='ocrx_word' id='word_1_99' title='bbox 560 1633 680 1663; x_wconf 82' lang='lat' dir='ltr'>studuit</span> 
     </span>
     <span class='ocr_line' id='line_1_37' title="bbox 290 1678 554 1718; baseline -0.004 -8"><span class='ocrx_word' id='word_1_100' title='bbox 290 1681 373 1710; x_wconf 90' lang='lat' dir='ltr'>artes</span> <span class='ocrx_word' id='word_1_101' title='bbox 398 1678 554 1718; x_wconf 89' lang='lat' dir='ltr'>liberales,</span> 
     </span>
    </p>

    <p class='ocr_par' dir='ltr' id='par_1_20' title="bbox 243 1725 707 1811">
     <span class='ocr_line' id='line_1_38' title="bbox 243 1725 707 1758; baseline -0.002 0"><span class='ocrx_word' id='word_1_102' title='bbox 243 1727 331 1758; x_wconf 85' lang='lat' dir='ltr'>Tunc</span> <span class='ocrx_word' id='word_1_103' title='bbox 352 1725 487 1757; x_wconf 85' lang='lat' dir='ltr'>mundus</span> <span class='ocrx_word' id='word_1_104' title='bbox 510 1734 572 1757; x_wconf 88' lang='lat' dir='ltr'>non</span> <span class='ocrx_word' id='word_1_105' title='bbox 596 1725 707 1757; x_wconf 88' lang='lat' dir='ltr'>habuit</span> 
     </span>
     <span class='ocr_line' id='line_1_39' title="bbox 288 1772 564 1811; baseline 0.004 -8"><span class='ocrx_word' id='word_1_106' title='bbox 288 1772 349 1803; x_wconf 90' lang='lat' dir='ltr'>sibi</span> <span class='ocrx_word' id='word_1_107' title='bbox 374 1772 564 1811; x_wconf 85' lang='lat' dir='ltr'>coaequales.</span> 
     </span>
    </p>
   </div>
   <div class='ocr_carea' id='block_1_9' title="bbox 186 1826 780 2187">
    <p class='ocr_par' dir='ltr' id='par_1_21' title="bbox 186 1826 780 2187">
     <span class='ocr_line' id='line_1_40' title="bbox 186 1826 570 1868; baseline -0.005 -8"><span class='ocrx_word' id='word_1_108' title='bbox 186 1830 216 1861; x_wconf 85' lang='lat'>3.</span> <span class='ocrx_word' id='word_1_109' title='bbox 240 1828 325 1859; x_wconf 87' lang='lat' dir='ltr'>Nota</span> <span class='ocrx_word' id='word_1_110' title='bbox 348 1826 424 1858; x_wconf 89' lang='lat' dir='ltr'>fecit</span> <span class='ocrx_word' id='word_1_111' title='bbox 447 1828 570 1868; x_wconf 89' lang='lat' dir='ltr'>populis</span> 
     </span>
     <span class='ocr_line' id='line_1_41' title="bbox 292 1874 649 1913; baseline -0.003 -7"><span class='ocrx_word' id='word_1_112' title='bbox 292 1874 432 1913; x_wconf 89' lang='lat' dir='ltr'>Utraque</span> <span class='ocrx_word' id='word_1_113' title='bbox 454 1876 649 1913; x_wconf 83' lang='lat' dir='ltr'>testamenta,</span> 
     </span>
     <span class='ocr_line' id='line_1_42' title="bbox 242 1920 554 1961; baseline -0.01 -8"><span class='ocrx_word' id='word_1_114' title='bbox 242 1920 414 1961; x_wconf 88' lang='lat' dir='ltr'>Angularis</span> <span class='ocrx_word' id='word_1_115' title='bbox 438 1920 554 1959; x_wconf 88' lang='lat' dir='ltr'>lapidis</span> 
     </span>
     <span class='ocr_line' id='line_1_43' title="bbox 291 1965 646 2007; baseline -0.006 -8"><span class='ocrx_word' id='word_1_116' title='bbox 291 1967 410 1999; x_wconf 86' lang='lat' dir='ltr'>Stravit</span> <span class='ocrx_word' id='word_1_117' title='bbox 434 1965 646 2007; x_wconf 86' lang='lat' dir='ltr'>fundamenta,</span> 
     </span>
     <span class='ocr_line' id='line_1_44' title="bbox 239 2012 690 2047; baseline -0.007 0"><span class='ocrx_word' id='word_1_118' title='bbox 239 2015 290 2047; x_wconf 84' lang='lat' dir='ltr'>Ex</span> <span class='ocrx_word' id='word_1_119' title='bbox 307 2014 455 2046; x_wconf 88' lang='lat' dir='ltr'>Hebraea</span> <span class='ocrx_word' id='word_1_120' title='bbox 478 2012 632 2045; x_wconf 83' lang='lat' dir='ltr'>transfert</span> <span class='ocrx_word' id='word_1_121' title='bbox 654 2022 690 2045; x_wconf 89' lang='lat' dir='ltr'>ea</span> 
     </span>
     <span class='ocr_line' id='line_1_45' title="bbox 287 2060 676 2102; baseline -0.005 -9"><span class='ocrx_word' id='word_1_122' title='bbox 287 2061 439 2101; x_wconf 81' lang='lat' dir='ltr'>Linguam</span> <span class='ocrx_word' id='word_1_123' title='bbox 463 2060 496 2091; x_wconf 91' lang='lat' dir='ltr'>in</span> <span class='ocrx_word' id='word_1_124' title='bbox 520 2060 676 2102; x_wconf 84' lang='lat' dir='ltr'>Latinam,</span> 
     </span>
     <span class='ocr_line' id='line_1_46' title="bbox 236 2107 780 2148; baseline -0.002 -9"><span class='ocrx_word' id='word_1_125' title='bbox 236 2108 385 2148; x_wconf 86' lang='lat' dir='ltr'>Magnam</span> <span class='ocrx_word' id='word_1_126' title='bbox 409 2116 514 2139; x_wconf 90' lang='lat' dir='ltr'>curam</span> <span class='ocrx_word' id='word_1_127' title='bbox 535 2107 576 2138; x_wconf 88' lang='lat' dir='ltr'>ad</span> <span class='ocrx_word' id='word_1_128' title='bbox 593 2107 780 2147; x_wconf 76' lang='lat' dir='ltr'>scripturam</span> 
     </span>
     <span class='ocr_line' id='line_1_47' title="bbox 291 2154 582 2187; baseline 0 -1"><span class='ocrx_word' id='word_1_129' title='bbox 291 2154 412 2186; x_wconf 89' lang='lat' dir='ltr'>Habuit</span> <span class='ocrx_word' id='word_1_130' title='bbox 436 2154 582 2187; x_wconf 90' lang='lat' dir='ltr'>divinam.</span> 
     </span>
    </p>
   </div>
   <div class='ocr_carea' id='block_1_10' title="bbox 181 2210 627 2391">
    <p class='ocr_par' dir='ltr' id='par_1_22' title="bbox 181 2210 627 2391">
     <span class='ocr_line' id='line_1_48' title="bbox 181 2210 597 2250; baseline -0.007 -6"><span class='ocrx_word' id='word_1_131' title='bbox 181 2213 214 2244; x_wconf 83' lang='lat'>4.</span> <span class='ocrx_word' id='word_1_132' title='bbox 239 2211 349 2242; x_wconf 91' lang='lat' dir='ltr'>Almus</span> <span class='ocrx_word' id='word_1_133' title='bbox 374 2219 443 2241; x_wconf 89' lang='lat' dir='ltr'>eum</span> <span class='ocrx_word' id='word_1_134' title='bbox 467 2210 597 2250; x_wconf 89' lang='lat' dir='ltr'>spiritus</span> 
     </span>
     <span class='ocr_line' id='line_1_49' title="bbox 285 2257 626 2297; baseline 0 -9"><span class='ocrx_word' id='word_1_135' title='bbox 285 2257 455 2297; x_wconf 88' lang='lat' dir='ltr'>Scripturis</span> <span class='ocrx_word' id='word_1_136' title='bbox 481 2257 626 2297; x_wconf 88' lang='lat' dir='ltr'>erudivit,</span> 
     </span>
     <span class='ocr_line' id='line_1_50' title="bbox 236 2304 627 2345; baseline -0.003 -9"><span class='ocrx_word' id='word_1_137' title='bbox 236 2304 280 2336; x_wconf 84' lang='lat' dir='ltr'>Et</span> <span class='ocrx_word' id='word_1_138' title='bbox 302 2312 360 2345; x_wconf 85' lang='lat' dir='ltr'>per</span> <span class='ocrx_word' id='word_1_139' title='bbox 384 2313 452 2335; x_wconf 91' lang='lat' dir='ltr'>eum</span> <span class='ocrx_word' id='word_1_140' title='bbox 475 2304 627 2336; x_wconf 87' lang='lat' dir='ltr'>Dominus</span> 
     </span>
     <span class='ocr_line' id='line_1_51' title="bbox 282 2351 626 2391; baseline -0.003 -8"><span class='ocrx_word' id='word_1_141' title='bbox 282 2351 454 2383; x_wconf 87' lang='lat' dir='ltr'>Ecclesiam</span> <span class='ocrx_word' id='word_1_142' title='bbox 480 2351 626 2391; x_wconf 84' lang='lat' dir='ltr'>sanxivit,</span> 
     </span>
    </p>
   </div>
   <div class='ocr_carea' id='block_1_11' title="bbox 922 673 1382 843">
    <p class='ocr_par' dir='ltr' id='par_1_23' title="bbox 922 673 1382 843">
     <span class='ocr_line' id='line_1_52' title="bbox 922 673 1309 704; baseline -0.003 0"><span class='ocrx_word' id='word_1_143' title='bbox 922 673 965 704; x_wconf 88' lang='lat' dir='ltr'>Et</span> <span class='ocrx_word' id='word_1_144' title='bbox 988 673 1021 704; x_wconf 89' lang='lat' dir='ltr'>in</span> <span class='ocrx_word' id='word_1_145' title='bbox 1045 674 1165 703; x_wconf 83' lang='lat' dir='ltr'>tantum</span> <span class='ocrx_word' id='word_1_146' title='bbox 1190 674 1309 703; x_wconf 88' lang='lat' dir='ltr'>ceteros</span> 
     </span>
     <span class='ocr_line' id='line_1_53' title="bbox 967 718 1321 758; baseline -0.006 -8"><span class='ocrx_word' id='word_1_147' title='bbox 967 719 1119 750; x_wconf 87' lang='lat' dir='ltr'>Doctores</span> <span class='ocrx_word' id='word_1_148' title='bbox 1141 718 1321 758; x_wconf 86' lang='lat' dir='ltr'>transilivit,</span> 
     </span>
     <span class='ocr_line' id='line_1_54' title="bbox 922 765 1382 807; baseline -0.004 -10"><span class='ocrx_word' id='word_1_149' title='bbox 922 765 1012 804; x_wconf 82' lang='lat' dir='ltr'>Quod</span> <span class='ocrx_word' id='word_1_150' title='bbox 1035 765 1168 797; x_wconf 90' lang='lat' dir='ltr'>nescivit</span> <span class='ocrx_word' id='word_1_151' title='bbox 1189 765 1382 807; x_wconf 85' lang='lat' dir='ltr'>Ieronymus,</span> 
     </span>
     <span class='ocr_line' id='line_1_55' title="bbox 964 811 1321 843; baseline 0 0"><span class='ocrx_word' id='word_1_152' title='bbox 964 811 1086 843; x_wconf 82' lang='lat' dir='ltr'>Natura</span> <span class='ocrx_word' id='word_1_153' title='bbox 1108 812 1196 842; x_wconf 88' lang='lat' dir='ltr'>nulla</span> <span class='ocrx_word' id='word_1_154' title='bbox 1219 811 1321 843; x_wconf 87' lang='lat' dir='ltr'>seivit.</span> 
     </span>
    </p>
   </div>
   <div class='ocr_carea' id='block_1_12' title="bbox 865 866 1333 1228">
    <p class='ocr_par' dir='ltr' id='par_1_24' title="bbox 865 866 1308 906">
     <span class='ocr_line' id='line_1_56' title="bbox 865 866 1308 906; baseline -0.007 -7"><span class='ocrx_word' id='word_1_155' title='bbox 865 868 894 899; x_wconf 90' lang='lat'>5.</span> <span class='ocrx_word' id='word_1_156' title='bbox 922 867 1024 899; x_wconf 84' lang='lat' dir='ltr'>Corde</span> <span class='ocrx_word' id='word_1_157' title='bbox 1048 871 1088 906; x_wconf 81' lang='lat' dir='ltr'>te,</span> <span class='ocrx_word' id='word_1_158' title='bbox 1115 866 1308 897; x_wconf 84' lang='lat' dir='ltr'>sanctissime</span> 
     </span>
    </p>

    <p class='ocr_par' dir='ltr' id='par_1_25' title="bbox 967 912 1257 950">
     <span class='ocr_line' id='line_1_57' title="bbox 967 912 1257 950; baseline -0.007 -6"><span class='ocrx_word' id='word_1_159' title='bbox 967 913 1083 944; x_wconf 85' lang='lat' dir='ltr'>Rector</span> <span class='ocrx_word' id='word_1_160' title='bbox 1106 912 1257 950; x_wconf 88' lang='lat' dir='ltr'>veritatis,</span> 
     </span>
    </p>

    <p class='ocr_par' dir='ltr' id='par_1_26' title="bbox 918 958 1262 1041">
     <span class='ocr_line' id='line_1_58' title="bbox 918 958 1262 998; baseline -0.003 -9"><span class='ocrx_word' id='word_1_161' title='bbox 918 959 1057 990; x_wconf 86' lang='lat' dir='ltr'>Petimus</span> <span class='ocrx_word' id='word_1_162' title='bbox 1081 958 1262 998; x_wconf 89' lang='lat' dir='ltr'>humillime,</span> 
     </span>
     <span class='ocr_line' id='line_1_59' title="bbox 967 1004 1253 1041; baseline -0.003 -6"><span class='ocrx_word' id='word_1_163' title='bbox 967 1004 1103 1035; x_wconf 87' lang='lat' dir='ltr'>Subveni</span> <span class='ocrx_word' id='word_1_164' title='bbox 1127 1004 1253 1041; x_wconf 82' lang='lat' dir='ltr'>renatis,</span> 
     </span>
    </p>

    <p class='ocr_par' dir='ltr' id='par_1_27' title="bbox 918 1049 1333 1135">
     <span class='ocr_line' id='line_1_60' title="bbox 918 1049 1333 1089; baseline -0.002 -8"><span class='ocrx_word' id='word_1_165' title='bbox 918 1051 976 1089; x_wconf 78' lang='lat' dir='ltr'>Qui</span> <span class='ocrx_word' id='word_1_166' title='bbox 1000 1051 1130 1081; x_wconf 91' lang='lat' dir='ltr'>malleus</span> <span class='ocrx_word' id='word_1_167' title='bbox 1156 1049 1333 1081; x_wconf 86' lang='lat' dir='ltr'>haereticae</span> 
     </span>
     <span class='ocr_line' id='line_1_61' title="bbox 966 1096 1266 1135; baseline -0.003 -8"><span class='ocrx_word' id='word_1_168' title='bbox 966 1096 1067 1127; x_wconf 86' lang='lat' dir='ltr'>Fuisti</span> <span class='ocrx_word' id='word_1_169' title='bbox 1091 1096 1266 1135; x_wconf 88' lang='lat' dir='ltr'>pravitatis,</span> 
     </span>
    </p>

    <p class='ocr_par' dir='ltr' id='par_1_28' title="bbox 919 1142 1313 1228">
     <span class='ocr_line' id='line_1_62' title="bbox 919 1142 1313 1181; baseline -0.003 -8"><span class='ocrx_word' id='word_1_170' title='bbox 919 1143 965 1173; x_wconf 88' lang='lat' dir='ltr'>Te</span> <span class='ocrx_word' id='word_1_171' title='bbox 987 1142 1151 1173; x_wconf 89' lang='lat' dir='ltr'>laudantes</span> <span class='ocrx_word' id='word_1_172' title='bbox 1174 1144 1313 1181; x_wconf 83' lang='lat' dir='ltr'>protege,</span> 
     </span>
     <span class='ocr_line' id='line_1_63' title="bbox 963 1189 1221 1228; baseline -0.008 -7"><span class='ocrx_word' id='word_1_173' title='bbox 963 1189 1086 1228; x_wconf 88' lang='lat' dir='ltr'>Iungito</span> <span class='ocrx_word' id='word_1_174' title='bbox 1112 1189 1221 1220; x_wconf 88' lang='lat' dir='ltr'>beatis.</span> 
     </span>
    </p>
   </div>
   <div class='ocr_carea' id='block_1_13' title="bbox 1031 1269 1268 1306">
    <p class='ocr_par' dir='ltr' id='par_1_29' title="bbox 1031 1269 1268 1306">
     <span class='ocr_line' id='line_1_64' title="bbox 1031 1269 1268 1306; baseline -0.004 -9"><span class='ocrx_word' id='word_1_175' title='bbox 1031 1270 1075 1297; x_wconf 82' lang='lat' dir='ltr'>Ad</span> <span class='ocrx_word' id='word_1_176' title='bbox 1093 1269 1268 1306; x_wconf 79' lang='lat' dir='ltr'>Magnificat.</span> 
     </span>
    </p>
   </div>
   <div class='ocr_carea' id='block_1_14' title="bbox 844 1325 1450 2393">
    <p class='ocr_par' dir='ltr' id='par_1_30' title="bbox 844 1325 1450 2393">
     <span class='ocr_line' id='line_1_65' title="bbox 844 1325 1270 1366; baseline -0.009 -6"><span class='ocrx_word' id='word_1_177' title='bbox 844 1328 884 1360; x_wconf 94' lang='lat' dir='ltr'>A.</span> <span class='ocrx_word' id='word_1_178' title='bbox 916 1327 940 1358; x_wconf 95' lang='grc' dir='ltr'>Ο</span> <span class='ocrx_word' id='word_1_179' title='bbox 965 1325 1078 1357; x_wconf 88' lang='lat' dir='ltr'>florens</span> <span class='ocrx_word' id='word_1_180' title='bbox 1102 1326 1270 1366; x_wconf 87' lang='lat' dir='ltr'>Dalmatia,</span> 
     </span>
     <span class='ocr_line' id='line_1_66' title="bbox 960 1373 1450 1415; baseline 0 -11"><span class='ocrx_word' id='word_1_181' title='bbox 960 1373 1046 1410; x_wconf 79' lang='lat' dir='ltr'>Quae</span> <span class='ocrx_word' id='word_1_182' title='bbox 1061 1380 1186 1411; x_wconf 81' lang='lat' dir='ltr'>germen</span> <span class='ocrx_word' id='word_1_183' title='bbox 1200 1373 1328 1404; x_wconf 88' lang='lat' dir='ltr'>vincens</span> <span class='ocrx_word' id='word_1_184' title='bbox 1342 1373 1450 1415; x_wconf 83' lang='lat' dir='ltr'>edidit,</span> 
     </span>
     <span class='ocr_line' id='line_1_67' title="bbox 1006 1419 1336 1462; baseline 0 -12"><span class='ocrx_word' id='word_1_185' title='bbox 1006 1419 1144 1450; x_wconf 88' lang='lat' dir='ltr'>Balsami</span> <span class='ocrx_word' id='word_1_186' title='bbox 1169 1419 1336 1462; x_wconf 88' lang='lat' dir='ltr'>dulcorem,</span> 
     </span>
     <span class='ocr_line' id='line_1_68' title="bbox 913 1464 1323 1503; baseline -0.005 -5"><span class='ocrx_word' id='word_1_187' title='bbox 913 1466 996 1498; x_wconf 90' lang='lat' dir='ltr'>Dum</span> <span class='ocrx_word' id='word_1_188' title='bbox 1022 1466 1185 1497; x_wconf 87' lang='lat' dir='ltr'>doctorum</span> <span class='ocrx_word' id='word_1_189' title='bbox 1209 1464 1323 1503; x_wconf 87' lang='lat' dir='ltr'>facula,</span> 
     </span>
     <span class='ocr_line' id='line_1_69' title="bbox 955 1512 1308 1551; baseline -0.006 -7"><span class='ocrx_word' id='word_1_190' title='bbox 955 1513 1147 1551; x_wconf 86' lang='lat' dir='ltr'>Ierouymus,</span> <span class='ocrx_word' id='word_1_191' title='bbox 1174 1512 1308 1551; x_wconf 87' lang='lat' dir='ltr'>emicuit,</span> 
     </span>
     <span class='ocr_line' id='line_1_70' title="bbox 1006 1556 1328 1589; baseline 0.003 -1"><span class='ocrx_word' id='word_1_192' title='bbox 1006 1558 1081 1589; x_wconf 88' lang='lat' dir='ltr'>Veri</span> <span class='ocrx_word' id='word_1_193' title='bbox 1106 1556 1201 1589; x_wconf 85' lang='lat' dir='ltr'>fontis</span> <span class='ocrx_word' id='word_1_194' title='bbox 1225 1566 1328 1589; x_wconf 89' lang='lat' dir='ltr'>rorem</span> 
     </span>
     <span class='ocr_line' id='line_1_71' title="bbox 911 1603 1262 1644; baseline -0.006 -7"><span class='ocrx_word' id='word_1_195' title='bbox 911 1603 1084 1637; x_wconf 83' lang='lat' dir='ltr'>Infundens</span> <span class='ocrx_word' id='word_1_196' title='bbox 1107 1603 1262 1644; x_wconf 87' lang='lat' dir='ltr'>fidelibus,</span> 
     </span>
     <span class='ocr_line' id='line_1_72' title="bbox 958 1650 1369 1692; baseline 0 -10"><span class='ocrx_word' id='word_1_197' title='bbox 958 1651 1115 1691; x_wconf 86' lang='lat' dir='ltr'>Scribens,</span> <span class='ocrx_word' id='word_1_198' title='bbox 1140 1650 1369 1692; x_wconf 87' lang='lat' dir='ltr'>transferendo,</span> 
     </span>
     <span class='ocr_line' id='line_1_73' title="bbox 911 1697 1377 1737; baseline 0 -9"><span class='ocrx_word' id='word_1_199' title='bbox 911 1697 982 1729; x_wconf 83' lang='lat' dir='ltr'>Non</span> <span class='ocrx_word' id='word_1_200' title='bbox 1005 1706 1122 1737; x_wconf 89' lang='lat' dir='ltr'>paucas</span> <span class='ocrx_word' id='word_1_201' title='bbox 1147 1698 1232 1728; x_wconf 78' lang='lat' dir='ltr'>rixas</span> <span class='ocrx_word' id='word_1_202' title='bbox 1256 1698 1377 1729; x_wconf 89' lang='lat' dir='ltr'>levibus</span> 
     </span>
     <span class='ocr_line' id='line_1_74' title="bbox 956 1744 1282 1783; baseline -0.003 -7"><span class='ocrx_word' id='word_1_203' title='bbox 956 1744 1069 1776; x_wconf 88' lang='lat' dir='ltr'>Verbis</span> <span class='ocrx_word' id='word_1_204' title='bbox 1094 1744 1282 1783; x_wconf 76' lang='lat' dir='ltr'>resecand03</span> 
     </span>
     <span class='ocr_line' id='line_1_75' title="bbox 908 1791 1290 1823; baseline -0.005 0"><span class='ocrx_word' id='word_1_205' title='bbox 908 1791 1037 1823; x_wconf 86' lang='lat' dir='ltr'>Vastam</span> <span class='ocrx_word' id='word_1_206' title='bbox 1061 1793 1170 1822; x_wconf 88' lang='lat' dir='ltr'>tenens</span> <span class='ocrx_word' id='word_1_207' title='bbox 1195 1791 1290 1821; x_wconf 89' lang='lat' dir='ltr'>eremi</span> 
     </span>
     <span class='ocr_line' id='line_1_76' title="bbox 954 1837 1343 1878; baseline 0 -10"><span class='ocrx_word' id='word_1_208' title='bbox 954 1838 1009 1869; x_wconf 80' lang='lat' dir='ltr'>Bis</span> <span class='ocrx_word' id='word_1_209' title='bbox 1034 1837 1123 1868; x_wconf 90' lang='lat' dir='ltr'>annis</span> <span class='ocrx_word' id='word_1_210' title='bbox 1144 1838 1227 1869; x_wconf 89' lang='lat' dir='ltr'>laete</span> <span class='ocrx_word' id='word_1_211' title='bbox 1250 1838 1343 1878; x_wconf 81' lang='lat' dir='ltr'>binis,</span> 
     </span>
     <span class='ocr_line' id='line_1_77' title="bbox 910 1883 1309 1922; baseline 0.003 -8"><span class='ocrx_word' id='word_1_212' title='bbox 910 1883 1041 1915; x_wconf 84' lang='lat' dir='ltr'>Carnem</span> <span class='ocrx_word' id='word_1_213' title='bbox 1067 1884 1167 1922; x_wconf 83' lang='lat' dir='ltr'>quivit</span> <span class='ocrx_word' id='word_1_214' title='bbox 1192 1884 1309 1915; x_wconf 85' lang='lat' dir='ltr'>conteri</span> 
     </span>
     <span class='ocr_line' id='line_1_78' title="bbox 955 1930 1227 1970; baseline -0.004 -8"><span class='ocrx_word' id='word_1_215' title='bbox 955 1930 1073 1962; x_wconf 88' lang='lat' dir='ltr'>Inediis</span> <span class='ocrx_word' id='word_1_216' title='bbox 1097 1931 1227 1970; x_wconf 88' lang='lat' dir='ltr'>supinis,</span> 
     </span>
     <span class='ocr_line' id='line_1_79' title="bbox 912 1976 1413 2009; baseline 0.004 -2"><span class='ocrx_word' id='word_1_217' title='bbox 912 1976 1044 2008; x_wconf 90' lang='lat' dir='ltr'>Demum</span> <span class='ocrx_word' id='word_1_218' title='bbox 1068 1985 1209 2008; x_wconf 87' lang='lat' dir='ltr'>remeans</span> <span class='ocrx_word' id='word_1_219' title='bbox 1231 1977 1413 2009; x_wconf 82' lang='lat' dir='ltr'>Bethlehem</span> 
     </span>
     <span class='ocr_line' id='line_1_80' title="bbox 955 2023 1327 2056; baseline 0.005 -2"><span class='ocrx_word' id='word_1_220' title='bbox 955 2023 1183 2056; x_wconf 88' lang='lat' dir='ltr'>Bibliothecam</span> <span class='ocrx_word' id='word_1_221' title='bbox 1209 2033 1327 2056; x_wconf 88' lang='lat' dir='ltr'>summo</span> 
     </span>
     <span class='ocr_line' id='line_1_81' title="bbox 1000 2070 1331 2111; baseline 0.003 -10"><span class='ocrx_word' id='word_1_222' title='bbox 1000 2070 1109 2102; x_wconf 87' lang='lat' dir='ltr'>Studio</span> <span class='ocrx_word' id='word_1_223' title='bbox 1135 2071 1331 2111; x_wconf 80' lang='lat' dir='ltr'>compilavit3</span> 
     </span>
     <span class='ocr_line' id='line_1_82' title="bbox 906 2116 1295 2157; baseline 0.005 -10"><span class='ocrx_word' id='word_1_224' title='bbox 906 2116 1067 2148; x_wconf 85' lang='lat' dir='ltr'>Anhelans</span> <span class='ocrx_word' id='word_1_225' title='bbox 1092 2117 1133 2149; x_wconf 89' lang='lat' dir='ltr'>ad</span> <span class='ocrx_word' id='word_1_226' title='bbox 1157 2118 1295 2157; x_wconf 88' lang='lat' dir='ltr'>requiem</span> 
     </span>
     <span class='ocr_line' id='line_1_83' title="bbox 953 2164 1287 2204; baseline 0 -9"><span class='ocrx_word' id='word_1_227' title='bbox 953 2164 1074 2196; x_wconf 88' lang='lat' dir='ltr'>Aetatis</span> <span class='ocrx_word' id='word_1_228' title='bbox 1100 2165 1287 2204; x_wconf 85' lang='lat' dir='ltr'>octogesimo</span> 
     </span>
     <span class='ocr_line' id='line_1_84' title="bbox 1000 2211 1376 2252; baseline 0.003 -9"><span class='ocrx_word' id='word_1_229' title='bbox 1000 2211 1091 2243; x_wconf 84' lang='lat' dir='ltr'>Felix</span> <span class='ocrx_word' id='word_1_230' title='bbox 1116 2220 1196 2243; x_wconf 88' lang='lat' dir='ltr'>anno</span> <span class='ocrx_word' id='word_1_231' title='bbox 1220 2212 1376 2252; x_wconf 84' lang='lat' dir='ltr'>migravit.</span> 
     </span>
     <span class='ocr_line' id='line_1_85' title="bbox 906 2256 1377 2299; baseline 0.004 -11"><span class='ocrx_word' id='word_1_232' title='bbox 906 2256 1074 2290; x_wconf 87' lang='lat' dir='ltr'>Doctorum</span> <span class='ocrx_word' id='word_1_233' title='bbox 1099 2256 1156 2290; x_wconf 92' lang='lat' dir='ltr'>flos</span> <span class='ocrx_word' id='word_1_234' title='bbox 1182 2267 1219 2290; x_wconf 86' lang='lat' dir='ltr'>cx</span> <span class='ocrx_word' id='word_1_235' title='bbox 1245 2259 1377 2299; x_wconf 86' lang='lat' dir='ltr'>nomine,</span> 
     </span>
     <span class='ocr_line' id='line_1_86' title="bbox 952 2304 1360 2345; baseline 0.007 -10"><span class='ocrx_word' id='word_1_236' title='bbox 952 2304 1027 2335; x_wconf 86' lang='lat' dir='ltr'>Tuis</span> <span class='ocrx_word' id='word_1_237' title='bbox 1051 2314 1140 2345; x_wconf 88' lang='lat' dir='ltr'>opem</span> <span class='ocrx_word' id='word_1_238' title='bbox 1166 2306 1360 2345; x_wconf 88' lang='lat' dir='ltr'>supplicibus</span> 
     </span>
     <span class='ocr_line' id='line_1_87' title="bbox 997 2352 1312 2393; baseline 0.006 -11"><span class='ocrx_word' id='word_1_239' title='bbox 997 2352 1062 2383; x_wconf 87' lang='lat' dir='ltr'>Fer</span> <span class='ocrx_word' id='word_1_240' title='bbox 1088 2353 1129 2384; x_wconf 90' lang='lat' dir='ltr'>ad</span> <span class='ocrx_word' id='word_1_241' title='bbox 1153 2352 1312 2393; x_wconf 85' lang='lat' dir='ltr'>gaudiosa,</span> 
     </span>
    </p>
   </div>
  </div>
 </body>
</html>
