1650 2542
744 142 998 175 —102—

303 230 398 261 Pater
423 231 521 263 dulcis
545 232 715 271 Ieronyme‚

348 275 496 316 Supernis
521 278 661 317 apicibus

399 323 464 354 Nos
489 324 589 364 iunge,
615 333 697 356 nunc
720 325 821 356 vitare

445 368 497 401 fac
522 370 677 403 damnosa.

365 479 425 510 Ad
449 479 708 513 Matutinum.

428 551 639 579 Invitatorium.

298 607 521 646 Hymnizemus
545 609 638 640 hodie

345 652 467 684 Christo
492 662 564 686 vero
588 655 664 694 regi,

300 699 338 730 In
361 700 549 738 psalmorum
575 701 711 732 carmine

345 745 512 776 Iubilemus
537 747 575 786 ei,

303 790 359 828 Qui
383 792 556 823 transvexit
576 793 717 824 inclitum

301 836 354 867 Ad
379 838 479 868 caelos
503 839 709 879 Ieronymum.

357 947 401 978 In
428 948 458 981 1.
483 948 706 984 NocturnO.

442 1022 632 1057 Antiphonae.

238 1076 270 1107 1.
297 1076 452 1108 Cathedra
475 1079 672 1117 pestilentiae

339 1121 401 1153 Hic
425 1123 533 1156 doctor
556 1135 710 1165 nunquam
735 1128 818 1167 legit,

294 1167 355 1199 Sed
381 1169 475 1200 verbo
500 1171 672 1209 sapientiae

344 1214 530 1253 Vulpeculas
555 1217 666 1261 abegit,

294 1258 505 1292 Demolientes
529 1263 650 1294 vineam

338 1305 462 1338 Domini
486 1307 648 1348 confregit.

236 1361 266 1393 2,
291 1359 480 1393 Fremebant
502 1363 650 1396 haeretici

342 1405 457 1438 Contra
481 1409 580 1440 virum
604 1410 674 1450 Dei,

294 1452 439 1484 Perversi
463 1463 583 1494 quoque
608 1457 713 1489 clerici

341 1499 518 1531 illudebant
542 1502 579 1542 ei,

293 1543 426 1581 Quorum
446 1555 524 1577 unus
548 1550 653 1586 posuit

338 1591 447 1623 Pravis
470 1593 501 1623 in
528 1596 699 1634 exemplum

288 1635 374 1667 Evae
395 1641 521 1678 vestem,
547 1640 649 1672 induit

335 1683 430 1721 Quam
454 1688 579 1717 sanctus
602 1687 721 1719 intrans
750 1694 827 1721 tem-

607 1733 703 1771 plum.

234 1783 264 1813 3.
292 1781 391 1814 Nimis
419 1784 617 1824 multiplicati
641 1791 712 1819 sunt

337 1829 441 1867 ipsum
466 1831 661 1873 tribulantes,

290 1874 449 1907 Haeretici
475 1885 543 1908 cum
569 1879 688 1912 clericis

335 1921 422 1953 luxui
446 1926 600 1965 vacantes,

289 1966 337 1997 De
361 1968 459 2000 Roma
484 1971 555 2001 dum
579 1973 735 2010 proiciunt

335 2017 475 2045 sanctum
499 2016 758 2059 blasphemantes,

289 2057 338 2089 De
363 2059 512 2092 doctrinis
538 2064 660 2096 caelicis

334 2105 460 2138 minime
484 2111 637 2143 curantes.

417 2188 618 2225 Responsoria.

233 2241 264 2274 1.
288 2243 478 2286 leronymus,
505 2247 684 2281 verberibus

292 2288 386 2320 Vanis
413 2291 452 2322 de
476 2293 635 2326 codicibus

334 2336 361 2366 A
388 2336 509 2370 Christo
533 2346 694 2374 revocatus

885 1701 922 1735 V.

969 234 1222 275 Praeventusque
1245 235 1424 267 muneribus

970 281 1013 312 Et
1035 282 1159 321 pascuis
1184 282 1332 314 uberibus

1014 327 1064 359 Ab
1090 336 1126 359 eo
1152 328 1328 369 deputatus,

968 373 1021 404 Ad
1042 374 1151 405 matris
1176 376 1326 406 ecclesiae

1015 420 1163 452 Ponenda
1187 420 1391 453 fundamenta

968 465 1050 496 Dum
1074 468 1235 498 transtulit
1257 476 1453 507 summopere

1012 512 1154 552 Utraque
1179 516 1374 552 testamenta,

965 558 1030 589 Iam
1058 559 1216 598 duplicata
1240 560 1377 592 Domino

1011 604 1166 637 Reddidit
1189 607 1318 646 talenta,

965 649 1109 682 Salubria
1133 661 1205 683 nam
1229 653 1344 692 populo

1013 696 1108 727 Dedit
1134 698 1327 731 documenta.

931 784 938 791 .
966 760 1154 793 Grandescit
1178 763 1226 794 vir
1250 764 1463 796 sanctissimus

1008 807 1045 838 In
1069 809 1243 840 sanctitatis
1268 810 1341 851 vita,

963 852 1144 893 Ieronymus
1169 855 1359 896 mitissimus,

1008 898 1099 931 Felix
1123 902 1269 941 eremita3

962 944 1024 975 Hic
1046 955 1104 984 per
1128 948 1364 986 quadriennium

1009 992 1064 1023 Fit
1085 994 1187 1024 socius
1212 993 1360 1036 ferarum,

959 1037 1104 1070 Pascitur
1129 1048 1167 1071 ex
1192 1039 1346 1073 fructibus

1005 1084 1049 1115 Et
1072 1084 1157 1117 foliis
1182 1087 1361 1128 herbarum,

959 1130 1011 1162 Sic
1033 1129 1130 1163 flebat
1153 1134 1289 1165 venialia

1004 1176 1179 1210 Levissima
1201 1184 1341 1224 peccata,

958 1222 1128 1262 Tamquam
1153 1225 1323 1258 homicidia

1001 1268 1120 1301 Forent
1142 1274 1335 1310 perpetrata.

925 1358 931 1364 .
957 1333 1122 1374 Nunquam
1145 1335 1260 1367 lectum
1285 1338 1379 1369 alium

1003 1381 1099 1418 Quam
1120 1384 1236 1414 terram
1259 1384 1328 1423 ipse
1351 1386 1451 1425 scivit,

957 1425 1071 1469 Pisces,
1099 1427 1184 1460 cibos
1210 1430 1349 1461 carnium

1003 1472 1165 1512 Nunquam
1192 1477 1377 1518 concupivit,

955 1517 1113 1558 Saccoque
1138 1521 1238 1553 cilicio

1000 1565 1145 1598 Membra
1168 1568 1213 1599 sic
1238 1570 1395 1608 contrivit,

954 1610 1000 1642 Ut
1023 1613 1180 1651 sanguinis
1204 1614 1310 1646 effusio

1000 1657 1037 1688 In
1064 1658 1115 1688 die
1138 1662 1187 1690 ter
1211 1661 1325 1704 abivit3

953 1702 1084 1734 Carnem
1108 1705 1154 1736 sic
1178 1707 1303 1746 spiritui

1000 1749 1180 1789 leronymus
1205 1753 1338 1785 subiecit

953 1794 997 1825 Et
1019 1805 1131 1836 magna
1155 1799 1311 1831 mirabilia

1001 1842 1039 1873 In
1064 1843 1130 1875 vita
1153 1853 1210 1876 sua
1233 1844 1317 1877 fecit.

1015 1981 1060 2012 In
1086 1983 1117 2014 2.
1142 1982 1364 2020 Nocturno.

1088 2064 1280 2099 Antiphonae.

919 2141 927 2149 .
953 2118 1097 2150 Sanctum
1123 2129 1211 2152 suum
1235 2122 1387 2156 Dominus

998 2164 1101 2204 Signis
1125 2167 1312 2208 mirificavit,

951 2210 1058 2249 Ipsum
1084 2212 1134 2243 die
1157 2214 1260 2246 obitus

997 2257 1128 2295 Quidam
1152 2259 1390 2305 blasphemavit,

952 2302 1047 2341 Quem
1070 2304 1147 2336 ultio
1173 2307 1321 2341 divinitus

997 2350 1035 2381 In
1059 2350 1177 2390 lignum
1201 2357 1431 2400 transmutavit,
