1650 2542
750 139 1003 173 —204—

244 236 288 262 Ad
306 235 410 263 Bened.
433 233 454 260 Α
477 234 605 261 Prudens
625 236 654 260 et
671 233 795 268 vigilans
814 234 895 267 virgo
916 234 968 258 ew.
988 231 1036 257 nh
1056 231 1091 257 Ii.
1114 245 1146 249 —
1166 231 1201 257 In
1222 228 1247 257 2.
1261 230 1348 264 Vesp.
1369 228 1405 255 ad
1418 227 1516 261 Magn.

246 272 265 297 Α
285 273 363 299 Voce
382 272 476 299 cordis
496 274 525 298 et
543 272 600 298 oris
621 273 672 298 ete.
692 270 732 304 (ἒς
751 269 800 296 Hh
819 269 860 296 Ii:

684 318 789 343 Beatae
808 323 910 350 corpus
929 316 1051 350 virginis

685 353 832 388 bepultum
853 354 896 379 est
915 352 950 378 ab
971 352 1081 387 angelis

681 391 717 418 ln
735 391 843 416 vertice
859 390 965 415 montis
986 388 1065 423 Sina,

684 426 799 453 Caelum
819 426 985 452 conscendit·
1000 427 1104 452 anima.

681 464 716 490 In
735 464 834 498 sponsi
853 464 896 489 tui
915 463 1041 489 thalamo

681 500 804 526 Perenni
825 500 921 526 fruens
940 500 1055 534 gaudio,

682 537 788 564 Sancta
806 538 888 571 virgo
908 537 1076 569 Katharina,

681 574 736 600 Pro
757 574 840 600 nobis
861 574 967 608 iugiter
987 581 1045 600 ora.

242 621 300 646 Vor
325 620 378 646 den
398 619 509 645 Laudes
529 620 663 646 schieben
683 619 809 646 mehfere
829 619 910 653 Hss.⁷
935 628 966 646 so
988 619 1013 646 G
1034 619 1062 652 Jj
1082 619 1141 651 Nn⁷
1168 619 1214 646 die
1233 619 1356 645 Prosula
1374 618 1516 643 Aeternae

242 658 323 692 virgo
350 657 503 683 memoriae
529 657 584 683 ein.
626 657 691 691 Vgl.
716 656 843 683 dieselbe
860 656 944 683 Anal.
964 656 1070 689 XVHI,
1095 654 1156 682 107.
1194 657 1265 683 &Vas
1291 655 1339 682 die
1362 663 1425 680 zum
1448 652 1516 680 Offi-

242 695 316 719 cium
335 693 571 727 gebriiuchliehen
585 694 716 727 Hymnen
742 693 854 725 betrifft,
876 701 908 719 so
929 693 994 719 sind
1015 693 1160 720 dieselben
1174 701 1205 719 so
1218 691 1429 723 verschiedene,
1452 690 1514 717 dass

243 738 309 756 man
327 738 383 756 von
403 730 592 765 zugehfirigen
610 731 744 764 Hymnen
763 730 843 756 nicht
861 729 937 757 wohl
956 730 1042 756 reden
1062 730 1149 756 kann.

654 829 699 858 70.
730 829 771 859 De
790 829 897 860 sancta
916 829 1099 859 Katharina.

378 896 421 927 In
450 896 478 929 1.
503 897 714 934 vesperis.

418 968 509 1003 Super
527 969 666 995 Psalmos.

241 1035 271 1065 A
311 1033 493 1073 Iucundare,

357 1087 491 1117 superna
512 1079 625 1117 patria,

313 1125 410 1155 Laeta
432 1124 489 1154 tibi

357 1173 465 1201 assunt
487 1170 656 1211 sollemnia,

311 1216 440 1257 Plaude,
469 1219 534 1246 tota

353 1264 451 1292 mater
477 1262 616 1302 ecclesia,

308 1308 499 1339 Katharinae

356 1361 498 1391 promens
522 1353 698 1391 praeconia,

311 1398 391 1429 Nam
414 1398 521 1437 regina

355 1442 468 1474 florens
491 1444 644 1475 munditia

310 1490 375 1521 Iam
401 1498 467 1520 “um
493 1498 565 1529 rege

357 1536 466 1575 regnat
489 1536 519 1566 in
545 1536 652 1575 gloria.

426 1608 469 1634 Ad
487 1607 662 1642 Magnificat-

240 1665 280 1695 A.
310 1663 439 1695 Scandit
460 1672 574 1702 sponsa

356 1710 437 1748 regis
461 1710 502 1740 ad
525 1710 644 1744 solium,

310 1755 378 1786 Lux
402 1755 443 1786 ad
462 1755 557 1785 solem

355 1801 439 1840 pugil
464 1800 504 1831 ad
518 1800 676 1838 bravium,

314 1846 421 1885 Carpit
445 1847 530 1885 virgo

359 1893 506 1923 convallis
529 1892 637 1930 lilium,

312 1938 397 1969 Emit
421 1941 520 1969 morte

360 1985 442 2015 vitae
465 1984 621 2015 solacium.

373 2076 433 2107 Ad
456 2076 718 2107 Matutinum.

442 2149 652 2175 Invitatotium.

316 2204 436 2235 Laudes
463 2205 570 2243 dignas
595 2203 699 2243 opifici

359 2251 477 2282 Psallat
497 2254 596 2281 mater
621 2251 762 2289 ecclesia,

315 2297 373 2335 Qui
396 2297 482 2336 regni
506 2300 569 2327 ‘tam
593 2296 715 2327 mirifici

357 2343 419 2374 Dat
445 2343 637 2374 Kathariuae
660 2344 809 2382 praemia.

1028 897 1069 928 In
1100 898 1128 929 1.
1155 897 1210 927 No
1224 900 1381 928 cturn0.

1110 979 1302 1014 Antiphonae.

939 1070 945 1076 .
974 1045 1067 1084 Virgo
1088 1046 1188 1084 stirpe

1018 1092 1104 1129 regia
1128 1092 1242 1130 genita,

970 1137 1146 1169 Katharina

1017 1183 1131 1213 mundo
1156 1183 1202 1213 sic
1226 1183 1337 1218 oritur,

970 1228 1100 1259 Doctrix
1123 1237 1197 1259 vera

1016 1277 1047 1305 et
1069 1277 1189 1313 martyr
1212 1274 1331 1312 inclita,

971 1320 1141 1359 Tamquam
1164 1329 1236 1351 rosa

1019 1367 1132 1397 deeora
1156 1367 1303 1398 cernitur.

939 1457 944 1462 .
974 1430 1084 1462 Cordis
1107 1431 1286 1462 innocentia

1016 1477 1144 1516 Lexque
1168 1478 1310 1509 verit-atis

970 1523 1089 1554 Loeant
1110 1524 1191 1554 hanc
1213 1524 1245 1554 in
1270 1525 1405 1562 patriam

1018 1569 1118 1608 Regni
1143 1570 1304 1602 claritatis.

940 1657 947 1663 .
974 1632 1069 1665 Urbis
1092 1636 1126 1663 tu
1149 1633 1383 1664 Alexandrinae

1018 1678 1101 1716 Flos,
1130 1679 1222 1710 decor
1246 1682 1278 1709 et
1301 1680 1410 1719 gloria,

973 1724 1055 1755 Dum
1079 1725 1226 1764 martyris
1252 1726 1384 1757 eximiae

1020 1771 1081 1802 Pei·
1105 1774 1136 1801 te
1159 1771 1297 1809 praefert
1322 1773 1467 1812 insignia.

1107 1863 1310 1897 Responsoria.

941 1954 947 1959 .
975 1928 1077 1959 Adest
1099 1929 1198 1960 almae

1020 1975 1112 2005 matri
1138 1975 1288 2008 ecclesiae

975 2020 1051 2051 Dies
1075 2019 1173 2051 festus

1023 2067 1152 2106 grandis
1176 2067 1325 2108 laetitiae,

975 2113 1058 2144 Dum
1081 2113 1159 2144 haec
1182 2114 1279 2153 virgo,

1022 2167 1075 2190 vas
1099 2160 1279 2202 sapientiae,

978 2205 1156 2237 Golloea‘tur

1022 2252 1054 2282 in
1077 2260 1171 2291 regno
1196 2252 1332 2292 gloriae3

939 2323 945 2330 .
974 2297 1063 2328 Haec
1088 2298 1230 2329 doctrina

1024 2344 1145 2383 pollens
1169 2344 1302 2376 mirifica
