1650 2542
756 139 856 172 -16

266 232 404 272 Placide,
429 235 463 264 tu
487 241 537 263 me
560 233 698 275 instigaS,

265 277 429 310 Beneficiis
453 279 573 318 alligas,

263 324 318 355 Me
341 324 464 356 venaris
490 327 522 355 et
544 324 695 364 imbrigas

313 369 460 402 Caritatis
484 371 604 410 iacu103

265 416 313 446 Tu
335 418 366 446 et
388 417 443 458 tui,

265 462 367 492 Vultis
390 461 453 492 frui

308 507 391 546 Vita,
418 516 497 546 quae
520 516 582 538 non
607 506 733 545 labitur,

263 553 481 591 Paganismum

261 598 329 629 Fae
352 599 550 637 baptismum,

307 645 369 676 Illa
392 644 480 676 vobis
507 644 641 676 dabitur.

320 754 380 785 Ad
405 754 664 787 Matutinum.

389 836 600 863 Invitatorium.

260 902 284 933 O
311 910 538 943 consurgamus,

304 947 414 979 laudes
439 948 563 980 Christo
588 947 772 988 referamus,

259 993 461 1025 Eustachium
484 995 599 1025 iustum

302 1040 383 1071 bove
405 1040 458 1079 qui
481 1041 618 1072 sacravit
640 1041 794 1072 adustum.

319 1151 365 1182 In
390 1151 420 1183 1.
444 1150 666 1183 Nocturno.

391 1232 582 1267 Antiphonae.

224 1321 232 1328 .
257 1297 372 1328 Beatus
395 1298 583 1329 Eustachius

305 1342 450 1375 Graviter
477 1346 613 1376 tentatus

256 1389 401 1421 Perdidit
425 1390 555 1422 celerius

301 1435 364 1466 Res
390 1438 421 1466 et
443 1437 651 1476 magistratus.

224 1514 232 1522 .
257 1490 384 1522 Mortua
408 1490 528 1523 familia

302 1538 430 1577 Pecora,
455 1538 593 1571 iumenta

256 1583 299 1614 Et
323 1592 461 1623 quaeque
482 1585 572 1617 utilia

302 1629 398 1661 Nulla
421 1633 493 1661 sunt
514 1632 651 1664 inventa.

199 1704 206 1712 ,
223 1709 231 1715 .
255 1684 379 1715 Furtim
400 1686 434 1716 in
457 1686 626 1717 triclinium

301 1730 404 1762 Intrat
426 1730 477 1762 fur
501 1735 533 1762 et
553 1733 645 1772 latro,

254 1776 350 1815 Fugit
370 1778 577 1809 morticinium

298 1822 408 1854 Noctis
432 1824 480 1855 vir
503 1824 559 1856 sub
584 1829 661 1858 atro.

387 1905 588 1941 Responsoria.

226 1994 234 2001 .
259 1970 429 2009 Theopista
454 1972 612 2004 doloribus

300 2016 406 2048 Anxia
430 2018 560 2050 deduxit

256 2061 402 2093 Geminos
425 2072 502 2102 prae
526 2064 646 2097 foribus

305 2109 455 2141 Parvulos
482 2113 513 2141 et
535 2111 623 2154 luxit,

215 2178 222 2185 .
254 2155 392 2194 Cumque
414 2157 555 2196 nescivit,

302 2210 361 2240 quo
385 2202 434 2233 vir
458 2201 607 2243 fugitivus
632 2205 738 2238 abivit.

223 2281 230 2288 .
255 2257 323 2288 Itur
344 2257 378 2287 in
402 2259 574 2299 aquagium,

253 2303 342 2335 Uxor
365 2304 398 2334 in
423 2304 595 2345 obstagium

300 2349 400 2381 Naulo
423 2360 481 2390 pro
505 2353 603 2391 petito

867 1089 897 1121 1.

847 2117 884 2150 V.

930 230 999 262 Illis
1023 239 1084 261 non
1109 230 1306 270 habentibus,

928 276 1015 308 Dare
1039 276 1293 309 desiderantibus

974 323 1109 361 Rapitur
1133 323 1256 362 marito,

929 368 1068 400 Coniunx
1090 369 1209 400 intaeta

975 415 1031 446 sed
1055 417 1219 454 permanet
1241 415 1352 446 obside
1376 414 1473 447 faeta.

898 495 905 502 .
929 470 1092 502 Eustachii
1116 473 1205 502 natos

974 517 1065 555 lupus
1091 519 1121 547 et
1144 517 1194 547 leo
1221 516 1431 557 diripuerunt,

927 562 993 594 Hos
1018 571 1139 601 quoque
1163 563 1285 594 ablatos

973 608 1112 639 homines
1137 609 1223 640 vivos
1248 611 1435 648 tenuerunt3

926 655 997 686 Hoc
1020 657 1112 693 pater
1134 655 1269 695 ignorat,

973 704 1104 732 matrem
1115 704 1205 732 natos
1218 710 1340 740 quoque
1355 702 1471 742 plorat,

925 748 972 780 Ut
994 747 1098 787 potuit
1122 756 1260 790 cumque,

972 794 1118 824 damnum
1151 794 1314 834 deplanxit
1349 796 1469 824 utrum-

1246 848 1314 879 que.

983 943 1028 973 In
1055 943 1086 975 2.
1112 941 1169 973 No
1180 944 1338 973 cturno.

1062 1024 1256 1059 Antiphonae.

923 1091 1115 1129 Paupertate
1140 1090 1269 1130 vapulat

967 1136 1012 1168 Et
1034 1137 1118 1167 inter
1143 1145 1255 1175 egenos

924 1182 1033 1221 Campi
1058 1185 1160 1214 eustos
1186 1183 1309 1214 exsulat

967 1231 1077 1260 Annos
1101 1237 1159 1267 per
1183 1229 1371 1267 quindenos

920 1284 1072 1315 Traianus
1098 1284 1261 1316 dimiserat

966 1330 1100 1361 Nuntios
1123 1339 1182 1370 per
1205 1340 1317 1371 gyrum

918 1375 1023 1419 Illum⁷
1049 1385 1139 1416 quem
1164 1378 1322 1417 amiserat,

964 1423 1164 1462 Requirendo
1188 1424 1300 1456 virum.

885 1503 891 1509 .
919 1479 1088 1510 Vulnerum
1112 1480 1312 1518 percussibus

963 1526 1054 1557 Illum
1080 1526 1276 1566 invenerunt,

920 1571 1064 1603 Caesaris
1089 1572 1268 1611 aspectibus

965 1617 1092 1650 Salvum
1116 1619 1319 1652 reduxerunt.

1051 1691 1254 1725 Responsoria.

886 1772 893 1779 .
919 1746 1100 1786 Longinquo
1127 1747 1166 1778 de
1192 1747 1323 1780 confinio

963 1793 1046 1824 Dum
1070 1794 1317 1835 admoxima'mr,

917 1840 961 1871 Et
984 1848 1039 1871 suo
1066 1841 1201 1872 dominio

962 1886 1057 1917 Miles
1081 1891 1311 1932 praesentatur,

918 1932 1015 1965 Vultu
1041 1934 1126 1964 cultu
1149 1935 1235 1974 regio

965 1978 1062 2010 Carus
1087 1980 1262 2020 redimitur,

918 2025 1018 2057 Sortis
1045 2024 1135 2056 fortis
1160 2027 1241 2066 legio

964 2071 1032 2102 Sibi
1054 2072 1212 2112 adimitur,

916 2118 961 2150 Ut
982 2126 1114 2157 regnum
1137 2122 1258 2161 vernet,

962 2164 1051 2203 regni
1071 2173 1192 2204 quoque
1207 2166 1277 2197 iura
1293 2167 1456 2206 gubernet.

859 2221 889 2251 2.
912 2219 1020 2251 Ortum
1046 2222 1093 2250 est
1118 2220 1305 2253 disturbium

962 2265 1167 2298 Dissensione
1189 2270 1275 2300 mota

916 2311 1096 2344 Castrorum
1120 2315 1152 2344 et
1171 2314 1296 2346 urbium

963 2355 1087 2402 [Adest]
1113 2360 1212 2392 virtus
1237 2363 1314 2403 tota,
