1650 2542
795 143 1022 177 Agg„

343 231 441 263 Nobis
466 234 679 271 peccatoribus

345 278 484 318 Veniam,

344 324 438 355 Iustis
466 334 587 365 quoque
611 328 741 365 gratiam

341 369 466 402 Summe
488 372 559 410 pius

342 415 444 447 Donet
470 417 520 447 dei
543 416 637 449 filius.

472 554 672 589 Responsoria.

285 626 316 657 1.
342 625 427 663 Quae
451 628 522 659 dum
548 633 651 661 oraret
674 631 792 671 sedulo,

338 671 455 704 Lumen
479 675 512 705 in
537 676 714 708 habitaculo

384 718 485 758 Super
510 729 577 752 eam
603 722 787 762 difunditur,

336 763 420 795 Hinc
446 766 565 798 Mariae
587 768 794 808 Magdalenae

337 809 543 852 Margaretae‚
570 814 762 847 Katharinae

386 857 470 896 Visu‚
496 867 636 891 sermone
660 860 784 896 fruitur.

270 900 304 931 V.
333 901 393 941 En,
418 904 571 947 inquiunt,
596 911 668 945 post
691 908 793 941 obitus

332 947 407 979 Dies
434 951 575 982 caelestis
599 953 703 984 aditus

377 995 448 1026 Tibi
473 997 632 1029 nobiscum
656 1000 814 1038 panditur,

297 1076 421 1108 ,Felix
446 1078 502 1110 illa
525 1078 649 1124 femina,

329 1122 541 1156 Lacrimamm
565 1125 694 1160 flumina

376 1169 474 1201 Orans
499 1171 718 1218 profundebat,

331 1214 462 1247 Vincens
488 1226 626 1258 quaeque
651 1222 782 1254 crimina

327 1259 456 1300 Sempe1
479 1265 591 1296 mentis
614 1266 732 1299 lumina

372 1307 500 1339 Sursum
527 1311 585 1341 diri
588 1312 697 1353 gebat3

256 1350 292 1381 V.
322 1351 475 1386 Adcinxit
518 1321 705 1395 fortigtudine
742 1360 863 1394 lumbos

323 1406 397 1430 suos
437 1403 465 1431 et
501 1403 659 1436 voboravit
699 1406 862 1439 brachium

325 1453 429 1478 SN‘N'm«.

266 1526 295 1557 3.
323 1526 399 1557 Orta
423 1529 522 1568 stirpe
545 1533 632 1571 regia

321 1571 437 1604 Fertur
461 1576 502 1606 ad
526 1577 664 1618 humilia,

367 1619 412 1651 Ut
436 1622 478 1652 sit
500 1623 532 1653 in
558 1626 741 1666 exemplum,

321 1664 425 1701 Quare
449 1668 543 1705 plena
565 1672 666 1709 gratia

319 1709 487 1750 Refulgens
511 1723 568 1752 per
592 1718 694 1748 omnia

367 1756 487 1789 Christo
511 1759 548 1790 fit
569 1761 602 1792 in
626 1765 793 1808 templum3

250 1800 285 1832 V.
322 1801 362 1832 Ut
391 1803 466 1835 hacc
488 1809 555 1837 erat
577 1808 614 1838 111
637 1811 781 1843 omnibus
805 1813 855 1853 fa-

317 1849 513 1891 φηθεέεεὶιηα,
549 1855 699 1892 quoniam
729 1858 857 1892 timebat

316 1893 422 1926 Deam
444 1897 545 1932 valde.

259 1977 289 2007 4.
316 1975 364 2007 Sit.
384 1978 451 2009 laus
474 1980 536 2012 Dei
560 1981 624 2014 filio

313 2021 351 2053 In
375 2024 516 2057 sollemni
539 2031 677 2067 praemio

360 2068 518 2111 Hedwigis
543 2074 662 2116 beatae,

314 2114 406 2146 Cuius
430 2117 616 2152 interventio

314 2159 362 2191 Sit
384 2165 490 2194 nostra
513 2166 603 2198 tuitio

358 2207 396 2238 In
421 2210 620 2245 adversitate.

242 2252 280 2285 V.
308 2251 420 2285 Astitit
448 2257 560 2296 reqioza
593 2268 613 2290 α
648 2262 762 2296 dextris
785 2267 850 2298 Dei

310 2299 346 2329 in
369 2301 481 2333 vestitu
512 2304 682 2348 deam-‚ato
716 2320 762 2342 011
763 2321 847 2344 omn

311 2345 387 2377 data
410 2349 568 2384 varietate.

1093 239 1136 270 In
1161 239 1390 273 Laudibus.

1118 312 1210 348 Super
1228 314 1369 342 Psalmos.

934 368 974 399 A.
1005 368 1163 409 Hedwigis
1189 370 1246 401 Dei
1271 371 1420 404 laudibus

1004 414 1122 446 Diebus
1148 419 1241 455 atque
1263 418 1407 449 noctibus

1049 461 1170 500 Iugiter
1194 463 1326 494 vacabat

1003 506 1129 546 Proque
1151 509 1354 548 pereuntibus

1002 552 1144 585 Profusis
1170 555 1334 594 gemitibus

1046 599 1149 632 Deum
1175 602 1335 634 exorabat.

1113 673 1157 699 Ad
1176 674 1358 702 Benedictus.

963 751 970 759 .
1000 727 1093 759 Alma
1117 730 1306 768 pupillorum

1045 779 1153 817 mater,
1179 785 1238 815 per
1262 778 1389 810 climata
1411 780 1520 811 mundi

1000 819 1099 852 Stella
1122 823 1239 854 micans
1265 827 1296 855 et
1320 825 1391 856 labe
1416 834 1536 866 carens,

1046 867 1169 907 depelle
1192 873 1324 910 reatum,

998 912 1212 955 Stigmataque
1234 920 1363 955 portans
1387 918 1513 951 Domini

1043 962 1078 991 tu
1103 970 1183 999 quae
1207 963 1332 994 voluisti

993 1005 1055 1036 Tot.
1075 1008 1183 1044 poenis
1207 1008 1329 1049 insigne
1350 1014 1435 1042 tuum

1043 1060 1154 1091 corpus
1179 1063 1346 1098 macerare,

995 1098 1115 1130 Plaude
1139 1101 1226 1140 satis,
1256 1103 1338 1141 quod
1362 1103 1535 1135 visceribus

1038 1145 1195 1183 patienter
1218 1149 1328 1179 amasti

992 1189 1090 1221 Ferre
1115 1192 1219 1232 iugum
1246 1194 1373 1235 Christi,

1038 1246 1165 1276 regnum
1192 1240 1270 1271 caeli
1295 1242 1445 1273 meruisti.

1104 1358 1180 1390 Per
1203 1360 1348 1393 Horas.

1120 1432 1165 1458 Ad
1189 1433 1323 1461 Primam.

949 1509 956 1516 .
987 1487 1089 1518 Adest.
1120 1488 1186 1520 dies
1211 1491 1360 1532 laetitiae,

987 1532 1108 1565 Lueens
1135 1535 1251 1568 Christi
1276 1536 1415 1571 familiae

986 1581 1015 1609 A
1041 1580 1187 1612 virtutum
1212 1583 1328 1616 lumine

985 1624 1204 1659 Sanctissimae
1229 1628 1373 1663 feminae.

1117 1708 1163 1735 Ad
1182 1710 1317 1738 Tertiam.

945 1784 951 1790 .
983 1762 1006 1794 O
1031 1763 1151 1803 lampas
1182 1768 1341 1811 ecclesiae,

982 1808 1103 1841 Lucens
1127 1811 1190 1843 Dei
1212 1815 1323 1857 gratia,

982 1855 1045 1887 Vas
1069 1858 1315 1900 misericordiae,

980 1901 1060 1933 Dele
1084 1907 1192 1937 nostra
1215 1908 1300 1942 vitia.

1121 1988 1167 2014 Ad
1186 1989 1311 2018 Sextam.

908 2040 948 2071 A.
974 2040 1062 2073 Haec
1085 2048 1132 2074 est
1154 2045 1315 2087 Hedwigis
1341 2049 1441 2090 beata,

978 2086 1071 2119 Cuius
1096 2091 1180 2122 vitae
1204 2091 1287 2126 fama
1306 2100 1397 2135 grata

977 2133 1100 2166 Glarior
1124 2138 1280 2172 sideribus

975 2179 1073 2212 Lucet
1099 2191 1136 2214 ex
1161 2187 1318 2223 opezibus.

1116 2265 1161 2292 Ad
1181 2267 1302 2297 Nonam.

937 2341 944 2348 .
974 2318 1100 2353 Amicta
1124 2323 1192 2355 sole
1216 2324 1333 2360 femina

973 2364 1133 2408 Hedwigis
1159 2375 1205 2402 est
1230 2373 1309 2405 haec
1334 2376 1468 2421 (lomina,
