1650 2542
704 116 958 151 —271—

256 202 333 234 Cum
358 214 418 244 quo
441 210 553 247 regnat
575 209 607 241 in
633 211 733 249 gloria

302 249 479 283 Ludovicus
504 254 624 287 beatus.

319 389 365 421 In
392 391 420 422 1.
448 391 505 423 No
517 395 675 426 cturno.

393 483 585 519 Antiphonae.

220 580 227 587 .
254 556 434 590 Ludovicus
457 561 623 599 aequitatis

299 603 382 635 Dum
408 606 497 637 sedet
519 607 552 638 in
577 608 664 647 solio,

299 650 385 682 Caeli
410 653 538 684 madens
562 652 656 685 fluvio

253 695 351 727 Dedit
374 696 495 730 fructus
519 700 678 738 pietatis-

218 777 225 784 .
253 752 354 790 Super
379 754 453 785 Sion
477 756 676 794 praedicavit

297 798 504 839 Praeceptum
531 802 727 842 dominicum,

297 844 386 882 Quod
410 846 495 878 Deus
519 850 555 878 ut
579 849 703 879 unicum

249 889 366 922 Filium
390 893 437 923 sic
460 894 633 933 adoptavit.

192 947 210 975 3
217 972 224 978 .
252 947 336 977 Voce
360 949 598 987 supplicationis

298 992 451 1025 Clamavit
476 996 517 1026 ad
542 995 709 1027 Dominum

295 1039 338 1070 Et
362 1043 503 1079 optatum
527 1043 693 1073 terminum

250 1085 392 1124 Sumpsit
416 1089 635 1120 exauditionis.

386 1178 591 1213 Responsoria.

210 1274 217 1281 .
243 1250 339 1290 Regis
364 1255 474 1285 summi
499 1255 640 1293 potentia

244 1295 297 1329 De
320 1299 420 1339 stirpe
446 1301 534 1332 dedit
557 1301 643 1340 regia

289 1344 422 1378 Beatum
445 1346 649 1386 Ludovicum,

244 1390 303 1428 Qui
330 1400 454 1424 sumens
479 1394 563 1425 vitae
586 1394 743 1425 tramitem

243 1436 348 1468 Habet
372 1439 556 1479 magistrum
580 1441 711 1471 militem

291 1483 473 1517 Sanctitatis
498 1488 641 1526 amicum,

206 1556 213 1563 .
246 1529 395 1562 Sanctum
419 1531 529 1564 florem
554 1533 722 1573 praeludia

243 1576 433 1621 Monstrant,
461 1580 534 1610 dum
558 1583 645 1611 tenet
660 1580 789 1610 limitem

288 1623 447 1656 Humilem
473 1629 503 1657 et
527 1627 687 1666 pudicum.

207 1703 214 1709 .
240 1678 324 1710 Dum
347 1681 405 1712 sub
430 1683 545 1714 tenello
569 1685 698 1722 pectore

241 1725 374 1758 Virtutis
398 1732 522 1768 sumpto
547 1729 661 1760 robore

288 1772 398 1805 Portat
420 1776 653 1817 poenalitatem,

240 1818 302 1849 Pro
326 1823 418 1858 patre
441 1822 563 1853 vinctus
589 1830 699 1862 aspere

237 1864 371 1897 Manens
396 1868 430 1898 in
454 1871 522 1899 arto
549 1877 675 1900 carcere

282 1911 443 1945 Monstrat
465 1914 676 1954 hilaritatem3

197 1985 203 1991 .
234 1958 316 1999 Non,
342 1960 454 2001 inquit,
480 1961 513 1992 in
538 1962 598 1993 hoc
621 1965 762 2000 tempore

236 2004 289 2036 Sic
311 2010 445 2045 prosunt
471 2011 563 2047 capta
586 2016 739 2048 prospere

282 2052 327 2084 Ut
347 2062 407 2093 per
431 2055 665 2088 adversitatem.

201 2133 209 2139 .
233 2109 287 2140 Ad
311 2109 486 2150 perfectam
512 2112 674 2143 scientiam

235 2155 303 2187 Cito
327 2165 385 2195 per
409 2158 622 2190 assistentiam

281 2202 376 2234 Venit
400 2203 533 2236 fratrum
558 2205 722 2245 minorum,

233 2249 292 2287 Qui
314 2253 388 2288 post
410 2250 488 2283 felix
513 2252 656 2283 exsilium

231 2295 343 2327 Floret
365 2297 399 2328 in
423 2299 524 2330 lucem
548 2299 685 2338 gentium

277 2343 442 2377 Facundia
466 2346 650 2388 verborum3

857 212 894 246 V.

848 1536 885 1568 V.

859 1687 889 1717 2.

843 1964 879 1997 V.

853 2116 884 2146 3.

924 213 1012 251 Quod
1036 223 1093 254 per
1117 215 1254 246 divinam
1279 216 1409 256 gratiam

927 260 1058 291 Factum
1081 260 1166 292 infra
1189 263 1385 301 septennium

972 307 1063 338 Mens
1088 308 1188 339 credit
1213 309 1405 341 devotorum.

984 445 1027 476 In
1060 447 1090 478 2.
1116 446 1338 480 Nocturno.

1064 538 1256 573 Antiphonae.

891 616 898 622 .
925 593 998 624 Post
1025 603 1078 626 cor
1101 596 1199 626 sancti
1229 596 1402 635 dilatatum,

972 640 1047 671 Filii
1074 650 1126 672 vos
1150 642 1317 679 hominum,

973 686 1089 718 Scitote
1111 696 1169 726 per
1192 689 1358 720 Dominum

928 732 1076 764 Sanctum
1099 734 1146 764 sic
1168 734 1377 768 mirificatum.

890 810 898 818 .
923 787 1026 818 Intrat
1047 790 1173 828 praesul
1197 789 1258 820 Dei
1281 791 1440 829 templum,

969 833 1014 865 Ut
1037 835 1146 866 adoret
1170 836 1296 867 timidus

968 880 1011 911 Et
1034 889 1141 912 amore
1164 880 1304 913 fervidus

922 925 963 956 Se
989 926 1065 958 dans
1089 928 1207 958 cunctis
1230 929 1263 959 in
1281 929 1464 967 exemplum.

888 1005 895 1012 .
923 981 1054 1020 Christe,
1080 991 1169 1021 quem
1195 984 1363 1014 diminuisti

968 1028 1063 1058 Paulo
1087 1029 1159 1068 plus
1184 1038 1275 1067 quam
1302 1038 1414 1068 supera

965 1073 1034 1104 Tua
1057 1083 1152 1112 super
1176 1083 1272 1113 opera

923 1119 1099 1150 Praesulem
1125 1121 1322 1152 constituisti.

1044 1203 1249 1238 Responsoria.

886 1284 893 1290 .
916 1258 1040 1298 Degens
1063 1260 1095 1290 in
1120 1261 1280 1300 Aragonia

917 1305 1111 1344 Multiplicat
1135 1305 1252 1338 ieiunia

964 1352 1082 1383 Tractu
1107 1353 1291 1393 devotionis,

917 1398 980 1429 Per
1005 1407 1094 1437 quem
1120 1400 1263 1438 concepit
1286 1400 1429 1439 spiritum

916 1444 1072 1476 Minorum
1097 1448 1197 1476 sumat
1222 1446 1362 1477 habitum

964 1491 1079 1523 Sacrae
1102 1492 1280 1531 religionis3

916 1537 1064 1568 Oratione
1088 1539 1218 1577 praevia

916 1583 1018 1614 Vovet
1039 1585 1103 1615 tale
1126 1585 1320 1624 propositum

962 1630 1006 1661 Et
1027 1631 1280 1670 incorruptionis.

914 1685 1026 1717 Mundi
1052 1689 1228 1725 contempta
1251 1688 1356 1726 specie

915 1732 1032 1764 Libens
1056 1742 1152 1772 regno
1177 1733 1303 1765 Siciliae

962 1779 1023 1811 Suo
1048 1780 1240 1812 renuntiavit

913 1825 1075 1865 Deumque
1099 1827 1212 1858 timens
1235 1828 1371 1859 iudioem

913 1871 1116 1904 Pontificatus
1142 1874 1261 1912 apicem

960 1918 1146 1951 Constanter
1170 1921 1336 1962 recusavit,

908 1964 1017 1996 Donec
1041 1969 1166 1997 nostrae
1188 1967 1319 1998 militiae

910 2011 993 2051 Fiat,
1020 2022 1172 2044 summum
1196 2012 1373 2052 pontificem

957 2059 1009 2090 Ad
1034 2059 1119 2091 istud
1142 2060 1316 2092 inclinavit.

909 2115 1072 2146 Francisci
1098 2124 1187 2146 carus
1211 2116 1294 2148 filius

908 2161 1036 2200 Augens
1060 2161 1175 2193 bonum
1196 2163 1228 2194 in
1253 2164 1363 2195 melius

956 2209 1107 2248 Peroptat
1129 2210 1296 2249 patrizare,

909 2253 1020 2286 Cibum
1043 2254 1132 2287 flexis
1157 2257 1332 2296 poplicibus

909 2301 1055 2339 Quotidie
1078 2304 1268 2342 pauperibus

954 2348 1025 2380 Non
1052 2353 1155 2381 cessat
1177 2351 1365 2393 ministrare,
