1650 2542
683 107 936 144 —257—

237 196 355 229 Imbuit
380 199 544 240 catholice,

235 242 312 274 Post
336 253 433 276 annos
458 248 613 285 pueritiae

282 290 318 321 In
343 291 444 323 virum
469 293 654 333 perfectum,

196 359 203 366 .
234 335 278 367 Ut
302 337 432 368 abiectis
459 339 545 371 vitiis

234 382 397 414 Annorum
421 384 519 416 initiis

281 429 411 461 Crescat
436 431 469 461 in
493 432 672 464 virtutibus.

179 504 210 515 «.
237 483 282 515 Ut
305 484 430 523 lipsana
454 487 594 526 corporis

236 530 404 562 Maximini
428 533 582 571 praesulis

285 577 428 609 Christus
450 579 615 621 revelaret,

235 622 319 654 Dum
346 625 466 656 devotis
491 625 637 664 precibus

238 669 354 701 Beatus
379 671 552 703 Lubentius

285 717 427 748 Anhelus
452 721 565 760 oraret,

196 784 202 791 .
233 763 370 804 Accidit,
395 765 432 794 ut
453 765 581 803 angelus

235 808 383 848 Optatum
407 809 553 841 fidelibus

280 855 399 887 Locum
424 856 589 888 indicaret.

298 976 344 1008 In
369 978 401 1009 2.
428 976 653 1009 Nocturno.

375 1049 567 1085 Antiphonae.

201 1131 207 1138 .
233 1104 279 1136 Te
303 1105 401 1136 lotum
425 1106 613 1147 baptismate

281 1151 426 1191 Suscepit
449 1152 617 1191 Martinus,

234 1196 382 1230 Pontifex
407 1201 439 1229 te
463 1199 576 1230 iuvene

281 1244 386 1275 Pascit
410 1245 613 1276 Maximinus.

201 1323 209 1331 .
234 1299 273 1330 In
298 1308 430 1339 quorum
455 1299 610 1331 consortio

280 1344 373 1376 Nunc
398 1354 430 1377 es
456 1346 674 1386 collaudando,

234 1391 400 1423 Trinitatis
425 1392 551 1431 speculo

280 1437 382 1469 Deum
408 1439 657 1478 contemplando.

201 1520 207 1526 .
233 1493 330 1533 Ergo,
356 1495 448 1532 pater
471 1494 589 1533 inclite,

280 1539 394 1571 Preces
418 1540 478 1571 tibi
502 1541 620 1584 damus,

234 1586 333 1626 Opem
356 1587 419 1617 tuis
443 1587 563 1618 meritis

276 1632 426 1670 Quoniam
452 1642 624 1673 speramus

367 1716 571 1750 Responsoria.

198 1796 206 1804 ,
233 1773 392 1805 Visitandi
416 1774 518 1812 gratia

277 1819 432 1851 Trevirim
457 1820 614 1851 Martinus

231 1865 336 1905 Venit,
362 1866 417 1897 ubi
440 1865 584 1905 pontifex

280 1911 356 1943 Fuit
379 1912 582 1953 Maximinus,

229 1958 405 1991 Lubentius
428 1959 544 1991 indolis

277 2006 385 2037 Bonae
410 2006 587 2048 comitatur,

228 2054 259 2084 A
283 2052 423 2085 Martino
446 2053 621 2086 Maximino

276 2099 336 2138 Qui
360 2102 392 2131 et
416 2100 668 2141 commendatur;

190 2171 196 2177 .
229 2145 368 2185 Suscipit
392 2146 444 2177 hic
467 2146 610 2179 iuvenem

276 2193 407 2224 Praesul
430 2194 471 2225 ad
496 2194 644 2226 alendum

275 2238 319 2270 Et
343 2240 558 2272 erudiendum.

196 2320 203 2328 .
229 2295 360 2327 Praesul
384 2296 575 2328 Maximinus

230 2342 378 2374 Iuvenem
402 2351 464 2374 non
489 2344 590 2375 minus

215 2401 255 2424 Dr
266 2407 349 2426 eves,
369 2399 492 2423 Historiae
505 2401 657 2429 rhythmicae.
689 2401 726 2424 VI.

911 207 1028 237 Amans
1053 215 1144 245 quam
1168 207 1334 249 Martinus,

909 252 986 283 Eius
1011 260 1100 291 quem
1124 253 1265 291 patrinus

956 297 1023 329 Sibi
1048 299 1284 339 commendavit,

910 344 1001 376 Pavit
1024 347 1056 375 et
1077 347 1150 384 post
1172 345 1291 384 aliquot

911 391 1018 421 Annos
1042 391 1075 422 in
1099 392 1316 431 presbyterum

956 436 1057 476 Digne
1082 438 1284 476 consecravit,

872 506 879 513 .
910 481 954 513 Ut
976 483 1107 514 virtutes
1131 485 1289 526 plurimas,

912 528 994 566 Quas
1019 538 1037 559 a
1061 530 1177 561 sanctis
1201 533 1336 569 suxerat,

959 574 1020 605 Hic
1044 578 1208 609 eructaret.

877 654 884 660 .
911 629 946 660 In
970 632 1101 669 utroque
1124 629 1250 662 flumine

956 675 1101 715 Logenae
1124 680 1156 708 et
1178 677 1282 709 Rheni

911 721 1037 761 Raptim
1064 726 1170 755 contra
1194 724 1344 764 gurgitem

952 768 1103 800 Fluminis
1128 771 1248 801 amoeni

909 813 1045 846 Lembus
1069 816 1101 847 in
1126 817 1336 855 spectaculum

912 859 1100 892 Conscendit
1123 863 1317 901 sequentium

955 907 1060 938 Plebis
1084 910 1177 946 atque
1201 909 1286 946 cleri,

869 975 876 983 .
906 951 996 984 Novo
1021 953 1087 985 viso
1112 954 1261 986 miraculo

955 999 1099 1030 Occurrit
1119 1001 1284 1031 multorum

953 1044 1060 1076 Turba
1082 1046 1277 1084 populorum.

970 1183 1016 1214 In
1043 1185 1073 1215 3.
1100 1182 1324 1217 Nocturno.

1041 1265 1233 1301 Antiphonae.

873 1354 880 1362 .
907 1329 984 1361 Cum
1009 1331 1057 1362 vir
1082 1331 1142 1362 Dei
1166 1333 1301 1371 spatium

953 1376 1043 1408 Vitae
1069 1379 1287 1418 complevisset

906 1422 950 1454 Et
973 1421 1097 1455 felicem
1122 1425 1265 1463 spiritum

953 1469 1020 1501 Deo
1043 1471 1244 1514 reddidisset,

999 1516 1179 1548 Tristantur
1202 1518 1306 1549 vicini.

873 1594 880 1602 .
907 1569 1037 1602 Gubrini
1060 1580 1095 1602 se
1118 1576 1309 1612 praeparant

954 1617 1074 1657 Corpus
1098 1619 1253 1650 tumulare

906 1663 974 1695 Nec
997 1674 1017 1696 a
1038 1664 1106 1696 Deo
1130 1668 1277 1704 poterant

949 1711 1038 1743 Idem
1061 1712 1241 1752 impetrare,

906 1757 1000 1790 Unde
1022 1758 1124 1789 luctus
1152 1760 1293 1791 omnibus

997 1804 1058 1836 Est
1082 1807 1260 1839 communis,

873 1885 880 1891 .
908 1859 1068 1898 Quaerunt
1090 1861 1123 1892 in
1148 1862 1280 1893 ecclesia

954 1906 1074 1946 Corpus
1096 1908 1235 1948 sepeliri,

905 1952 973 1984 Nec
997 1953 1083 1984 locus
1109 1954 1332 1996 quaerentibus

950 2000 1061 2031 Potest
1083 2000 1217 2032 inveniri

999 2046 1067 2078 Deo
1091 2047 1144 2087 pio
1170 2050 1306 2080 curante.

1041 2139 1246 2175 Responsoria.

873 2230 880 2237 .
906 2204 1029 2236 Meritis
1055 2206 1160 2237 eximii

905 2250 1036 2284 Femina
1057 2252 1206 2285 Lubentii

905 2298 943 2329 In
968 2297 1127 2338 Laynsten
1154 2310 1173 2332 a
1196 2300 1300 2332 mania

950 2344 1072 2377 Debilis
1098 2350 1224 2379 curatur

1250 2400 1284 2428 17
