1650 2542
762 136 1013 171 —250—

320 221 442 254 Praedo
466 225 550 266 rapit
573 226 655 258 hunc
677 231 840 268 protervus

367 267 523 302 Summam
548 273 615 303 auri
638 275 809 313 110511116115,

319 313 495 354 Torquetur
518 319 606 357 gravi
630 328 729 359 poena

318 358 381 391 Sub
405 363 540 394 maxima
565 367 692 405 catena3

247 403 284 435 V.
316 405 429 438 Servus
450 412 589 440 sanctum
612 411 747 451 invocat,

315 451 391 482 Mox
415 457 540 485 sanctus
561 456 664 487 vincla
688 458 829 498 dissipat,

314 497 461 529 Illaesum
485 501 600 539 templo
627 503 767 536 collocat.

375 581 417 611 In
445 583 476 614 2.
502 583 558 615 No
569 586 726 619 cturn0.

452 655 642 691 Antiphonae.

256 707 285 739 1.
310 708 355 739 Et
377 710 496 754 scitote,

306 755 453 793 Quoniam
480 758 591 790 devote

310 800 456 833 Sanctum
479 813 568 835 suum
591 805 737 837 mirificat

311 846 462 880 Dominus
488 853 519 881 et
542 851 705 890 glorificat.

254 903 285 933 2.
310 903 348 934 Iu
372 906 404 934 te
428 906 477 935 est
500 905 689 945 glorificatus

309 948 521 991 Leonhardus,
547 953 596 983 vir
619 953 737 994 beatus,

310 994 428 1026 Nomen
452 999 537 1028 tuum
562 999 614 1037 qui
638 1000 758 1040 dilexit,

308 1040 478 1073 Terrenam
503 1044 633 1082 gloriam
659 1046 811 1085 despexit.

251 1096 280 1127 3.
306 1095 426 1127 Nomen
450 1099 536 1129 tuum
560 1100 717 1132 laudabile

306 1142 342 1173 In
367 1143 481 1174 sanctis
506 1145 700 1186 admirabile,

305 1187 372 1218 Tua
395 1189 632 1233 magnificentia,

307 1234 421 1276 Virtus,
447 1237 679 1278 omnipotentia,

308 1279 407 1318 Super
432 1282 533 1313 caelos
559 1284 679 1315 elevata

306 1324 351 1355 Sit
376 1335 432 1365 per
456 1336 564 1359 aevum
590 1331 773 1365 collaudata.

438 1400 640 1435 Responsoria.

248 1453 277 1484 1.
302 1454 454 1485 Mundum
478 1456 640 1496 vincendo,

348 1502 522 1539 spernendo
547 1512 614 1534 sum
637 1505 685 1537 leo
712 1505 810 1550 forti..‚

299 1545 424 1578 Nardus
446 1548 632 1589 inungendo,

348 1594 484 1625 6111611ᾶο
509 1596 639 1629 vulnera
662 1600 780 1641 mortis,

231 1638 269 1669 V.
298 1637 369 1669 Sum
394 1639 442 1670 leo
462 1640 625 1682 vincendo,

344 1686 461 1716 nardus
485 1688 603 1719 meritis
629 1690 808 1725 redolendo.

247 1740 277 1770 2.
305 1739 328 1771 O
354 1741 499 1771 sacerdos
523 1742 556 1773 in
581 1747 738 1776 aeteinum

342 1786 574 1819 Melchisedech
598 1799 656 1828 per
680 1792 783 1831 11111111,

298 1830 493 1874 Leonharde,
520 1835 571 1873 qni
595 1844 760 1877 supernum

344 1878 558 1911 Conscendisti
577 1882 680 1922 situm,

298 1924 490 1956 Assistentes
515 1929 586 1963 tuae
610 1929 705 1972 laudi,

297 1970 384 2002 Caeli
407 1974 543 2013 satrapa,
568 1983 624 2005 nos
648 1954 733 2017 audi,

227 2015 263 2046 V.
290 2015 336 2047 Ut
360 2024 501 2049 eruamur
524 2022 577 2051 tua
600 2030 703 2062 prece,

340 2063 516 2106 Precamur,
543 2066 581 2096 ab
600 2070 727 2099 aeterna
750 2078 834 2105 nece.

237 2117 267 2148 3.
294 2116 439 2156 Benedic,
464 2118 607 2159 Domine,

292 2163 330 2194 In
354 2166 460 2195 sancto
482 2168 534 2197 tuo
558 2169 681 2199 nomine

291 2210 443 2249 Populum
468 2217 672 2254 praesentem,

295 2256 424 2287 Veniam
445 2260 600 2297 petentem

293 2303 354 2334 Per
376 2303 488 2335 merita
510 2307 696 2339 sanctissimi

289 2349 475 2393 Leonhardi,

905 2036 936 2066 2.

989 232 1033 264 Ut
1054 241 1074 264 a
1097 234 1177 266 malo
1201 234 1383 277 liberentur,

987 278 1024 309 In
1048 279 1189 312 adversis
1215 283 1423 321 consolentur,

986 325 1071 356 Voce
1096 327 1209 369 cordis,
1235 329 1327 360 simul
1351 330 1414 360 oris

986 371 1031 402 Τ6
1057 373 1235 405 collaudent
1258 376 1377 406 cunctis
1403 376 1487 408 horis

984 417 1071 449 Haec
1094 419 1220 451 humilis
1243 422 1408 460 plebecula

983 463 1046 495 Per
1068 464 1190 497 infinita
1213 468 1347 501 saecula.

982 509 1138 543 Conserva
1162 515 1194 543 te
1217 514 1373 556 timentes,

981 555 1105 588 Laudes
1130 558 1188 589 tibi
1210 563 1356 591 canentes

981 603 1009 633 A
1035 604 1153 635 cunctis
1173 605 1356 637 horroribus

980 649 1115 681 Pusillos
1141 659 1209 681 cum
1232 652 1412 686 maioribus,

1040 732 1085 763 In
1110 734 1140 767 3.
1167 734 1223 765 No
1234 739 1390 769 cturno.

1118 807 1310 842 Antiphonae.

944 883 951 890 .
978 861 1110 893 Sanctus
1134 862 1255 903 fulgens
1280 865 1439 896 miraculis

976 908 1151 947 Habitabit‚
1176 910 1320 952 Domine,

974 954 1012 985 In
1036 956 1097 985 tuis
1122 955 1330 988 tabernaculis

975 1001 1012 1031 In
1037 1004 1144 1033 sancto
1168 1006 1220 1033 tuo
1245 1003 1376 1037 nomine.

974 1056 1011 1087 In
1036 1057 1152 1088 virtute
1175 1061 1237 1096 1116,
1266 1058 1400 1101 Christe,

973 1102 1157 1134 Laetabitur
1179 1104 1279 1135 iustus
1303 1106 1364 1137 iste

972 1148 1013 1179 Et
1038 1158 1134 1187 super
1158 1151 1295 1182 salutare
1319 1155 1404 1183 tuum

973 1194 1175 1226 Confirmavit
1200 1199 1302 1228 votum
1327 1206 1426 1232 suum.

969 1249 1030 1280 Dei
1051 1253 1185 1281 montem
1210 1252 1261 1282 hic
1284 1254 1435 1296 ascendit,

970 1295 1053 1326 Loco
1077 1298 1177 1327 sancti
1202 1298 1253 1336 qui
1279 1278 1482 1342 comprendit,

971 1341 1082 1373 Stabat
1105 1344 1177 1381 quia
1200 1344 1233 1374 in
1256 1344 1316 1375 hoc
1339 1347 1464 1387 mundo,

970 1387 1037 1418 Deo
1062 1388 1143 1419 vixit
1166 1390 1261 1421 corde
1284 1392 1409 1424 mundo.

1105 1461 1307 1497 Responsoria.

935 1539 942 1547 .
969 1516 993 1548 Ο
1018 1516 1213 1559 Leonharde,
1240 1529 1295 1551 vas
1321 1521 1461 1564 electum,

1014 1563 1149 1603 Lampas
1173 1565 1279 1597 lucens
1305 1569 1439 1608 saeculo,

967 1609 1033 1640 Iter
1057 1610 1097 1641 ad
1122 1620 1257 1650 superna
1281 1616 1399 1645 rectum

1012 1655 1176 1688 Trinitatis
1200 1660 1327 1697 speculo

968 1701 1213 1741 Contemplando
1238 1705 1389 1745 didicisti,

966 1746 1018 1778 Sic
1041 1751 1207 1788 pugnando
1229 1753 1370 1783 meruisti

964 1793 1049 1825 Fore
1074 1796 1242 1828 convivalis
1268 1797 1401 1839 Christi3

962 1841 999 1871 In
1023 1841 1088 1872 vita
1112 1843 1254 1875 solitaria

1012 1886 1132 1926 Corpus
1157 1888 1307 1929 afflixisti,

964 1932 1164 1966 lncommoda
1184 1945 1242 1975 per
1265 1938 1353 1969 varia

1010 1979 1133 2012 Christo
1156 1983 1324 2015 servivisti.

962 2034 1016 2065 Fit
1039 2044 1207 2068 concursus
1231 2037 1398 2082 hominnm,

1008 2082 1162 2114 Miracula
1186 2083 1357 2123 clarebant,

963 2126 1104 2159 Grandia
1128 2137 1186 2167 per
1205 2129 1372 2162 Dominum

1007 2175 1155 2213 Prodigia
1179 2175 1336 2218 lucebant,

961 2218 1102 2259 Catenas,
1127 2221 1222 2260 loras,
1249 2223 1375 2256 vincula

1005 2266 1098 2297 Multi
1122 2269 1362 2310 appendebant3

959 2312 1072 2344 Artum
1094 2313 1196 2344 locum
1222 2316 1375 2355 ampliare

1003 2358 1150 2390 Monachi
1175 2363 1376 2405 quaerebant,
