1650 2542
748 151 908 184 —268
961 170 1003 175 -—

442 241 645 277 Responsoria.

258 296 288 328 1.
312 295 490 329 Ludovicus
516 301 549 328 ut
572 300 706 330 animum

358 342 480 374 Christo
506 345 608 383 coepit
632 345 746 384 dicare,

313 389 421 420 Carnis
445 398 517 420 mox
541 391 739 428 supercilium

356 434 518 473 Disposuit
542 434 675 474 frenare,

309 479 359 518 Se,
384 481 530 512 mundum
556 484 588 512 et
612 482 806 514 daemonium

354 525 490 557 Conatur
512 536 670 567 superare,

240 571 275 602 V.
307 571 446 603 Rationis
470 573 633 611 imperium

308 617 444 657 Sequens
469 619 602 650 ancillae
626 620 720 652 filiurn

357 664 425 695 Non
450 665 525 695 sinit
549 666 711 698 rebellare.

250 720 280 749 2„
307 720 518 758 §upplantans
543 729 673 760 nequam
690 723 846 753 saeculum

351 765 443 796 Iacob
468 768 695 807 peregrinatur,

308 812 382 842 Veri
406 812 550 844 Salomon
574 813 725 845 ferculum

354 857 502 889 Scrutans
525 859 728 897 illuminatur,

304 905 420 935 Amore
444 903 569 937 fervens
593 908 752 945 speculum

351 952 520 982 Aeternum
547 954 783 994 contemplatur,

237 995 271 1027 V.
301 996 413 1027 Mundi
437 998 538 1028 vitans
562 999 734 1036 periculum

303 1042 435 1073 Laboris
460 1044 554 1074 sumit
577 1046 743 1085 sarculum,

349 1088 393 1120 Ut
417 1089 553 1120 Rachele
578 1089 708 1123 fruatur.

248 1143 278 1173 3.
304 1143 444 1182 Regnum
468 1145 576 1176 mundi

348 1190 397 1220 vir
419 1193 543 1221 sanctus
570 1192 714 1224 deserens

303 1234 356 1265 Nil
381 1236 496 1267 habere

348 1282 536 1313 mundanum
562 1285 667 1323 voluit,

301 1327 454 1358 Vanitatis·

348 1374 462 1404 cultum
489 1374 662 1413 despiciens

299 1418 398 1449 Terra
422 1420 537 1450 caelum

346 1474 476 1497 mercam
501 1467 628 1507 maluit3

233 1510 268 1541 V.
300 1511 423 1544 Clarum
449 1512 537 1543 nobis

347 1559 518 1598 exemplum
546 1560 685 1591 tribuens

301 1604 369 1635 Non
393 1605 528 1644 amandi,

343 1659 421 1689 quae
444 1651 512 1690 ipse
535 1653 647 1684 renuit.

358 1790 398 1821 In
426 1792 457 1822 2.
483 1790 513 1821 N
526 1794 710 1823 octurno.

436 1873 627 1908 Antiphonae.

236 1928 266 1959 1.
294 1928 455 1960 Invocavit
479 1930 659 1961 altissimum

342 1975 496 2014 Clamans,
523 1977 595 2007 dum
620 1978 797 2018 tribulatur,

296 2021 389 2059 Quem
416 2022 562 2053 dilatavit
583 2024 752 2062 plurimum

344 2068 495 2107 Christus,
523 2070 598 2100 dum
622 2071 796 2106 malleatur.

239 2122 268 2152 2.
294 2122 372 2152 Toto
398 2123 492 2153 corde
515 2124 680 2157 Dominum

339 2170 457 2199 Amans
481 2171 646 2209 acquisivit

293 2214 460 2246 Beatorum
486 2217 641 2255 agminum

340 2261 488 2302 Regnum,
515 2264 595 2301 quod
621 2264 729 2299 sitivit.

236 2318 266 2349 3.
292 2316 430 2348 Laudem
456 2317 540 2349 Deus
566 2321 688 2357 perlicit

335 2363 385 2394 Ex
408 2364 552 2396 lactentis
577 2374 639 2405 ore,

982 244 1048 282 Quo
1072 253 1148 284 grex
1173 245 1290 277 Christi
1313 245 1440 285 proficit,

1027 290 1089 321 Sub
1116 294 1201 323 tanto
1225 295 1362 331 pastore.

1111 402 1314 436 Responsoria.

923 457 950 489 1.
980 457 1187 489 Consecratur

1024 507 1149 535 sanctus
1172 504 1298 535 uberius

978 550 1146 581 Ordinibus

1022 597 1154 635 sumptis
1179 596 1346 636 humiliter,

975 642 1211 673 Melchisedech

1022 688 1157 719 existens
1182 689 1271 723 alius,

972 735 1051 773 Rex,
1077 735 1223 766 sacerdos

1017 779 1118 812 factus
1141 781 1315 821 insigniter,

970 828 1040 859 Hoc
1056 826 1156 858 effecit

1018 873 1141 904 Mariae
1165 872 1248 905 filius

972 920 1077 958 Ipsum
1102 920 1230 951 trahens

1016 966 1056 997 ad
1082 975 1116 996 se
1139 966 1333 1009 benigniter,

903 1012 938 1044 V.
968 1012 1148 1043 Intercedat

1016 1067 1074 1096 pro
1098 1058 1187 1089 nobis
1214 1060 1324 1102 carius,

972 1104 1054 1142 Quos
1081 1105 1248 1143 deturpant

1015 1153 1145 1188 peccat-a
1168 1151 1261 1182 vilius

969 1196 1013 1227 Et
1036 1197 1218 1235 opprimunt

1016 1241 1099 1273 bella
1122 1243 1299 1274 crudeliter.

911 1308 941 1337 2.
967 1306 1129 1337 Francisci
1153 1315 1244 1338 verus
1269 1307 1344 1339 filius

1014 1352 1110 1390 Optat
1133 1353 1301 1392 humiliari,

970 1399 1086 1429 Verens
1111 1407 1202 1430 omne
1225 1400 1388 1431 sublimius

1014 1444 1151 1476 Recusat
1173 1447 1358 1488 praesulari,

896 1490 934 1521 V.
969 1490 1058 1530 Cogit
1083 1490 1200 1522 Christi
1224 1492 1360 1524 vicarius

968 1537 1145 1575 Disponens
1169 1538 1230 1569 Dei
1255 1539 1363 1570 ovibus

1017 1584 1176 1615 Pastorem
1202 1586 1295 1616 talem
1322 1586 1399 1620 dari.

908 1649 938 1679 3.
964 1648 1077 1687 Ioseph
1101 1649 1287 1681 adcrescens
1311 1649 1394 1682 filius

1010 1694 1071 1725 Hic
1093 1703 1161 1725 esse
1186 1696 1414 1739 comprobatur,

964 1739 1043 1772 Dum
1069 1749 1201 1771 noscens
1223 1742 1324 1773 Deum
1350 1744 1464 1776 clarius

964 1786 1133 1817 Distribuit
1155 1786 1311 1828 fidelibus,

1011 1833 1099 1871 Quod
1124 1834 1186 1864 sibi
1211 1837 1463 1877 commendatur3

894 1878 931 1910 V.
962 1879 1105 1910 Mulieris
1130 1880 1302 1920 adulterae,

962 1926 1046 1964 Quae
1070 1926 1195 1965 regibus
1222 1928 1277 1959 dat
1301 1928 1418 1970 bibere,

1008 1973 1181 2012 Amplexus
1208 1975 1391 2010 detestatur,

1027 2103 1072 2133 In
1098 2104 1128 2135 3.
1156 2104 1377 2139 Nocturno.

1107 2176 1299 2211 Antiphonae.

908 2232 939 2264 1.
967 2231 1060 2262 Felix
1085 2231 1207 2263 habitat
1230 2236 1403 2273 gaudenter

1010 2278 1045 2309 In
1073 2278 1151 2308 caeli
1176 2280 1302 2318 palatio,

966 2324 1044 2361 Quia
1069 2324 1148 2354 vixit
1171 2325 1354 2361 innocenter

1008 2369 1098 2401 Omni
1118 2379 1227 2410 presso
1252 2375 1338 2409 vitio.
