1650 2542
351 202 477 242 Nosque
500 203 563 236 frui
587 205 683 238 facias

396 250 498 288 gratia
523 251 636 284 divina.

482 332 685 367 Responsoria.

288 383 321 416 1.
346 384 370 416 O
396 394 487 424 quam
512 386 588 418 felix
609 389 778 429 Hedwigis‚

389 440 467 469 quae
492 441 620 471 regnum
643 436 752 466 mundi

340 475 384 505 Et
408 485 531 508 omnem
554 482 696 510 ornatum
721 483 840 512 saeculi

341 519 538 561 Contempsit
561 527 692 563 propter
715 535 848 558 amorem

384 566 512 599 Domini
536 570 608 600 Iesu
633 570 759 610 Christi,

339 610 474 643 Currens
499 612 592 645 finem
616 617 656 648 ad
681 617 806 650 beatum

336 656 471 689 Sanctae
496 660 578 691 vitae
603 663 788 696 caelibatum

384 704 562 738 Anhelabat
585 708 708 749 sitiens3

303 774 309 780 .
337 748 463 788 Signum
488 754 587 784 crucis
611 759 715 786 mente
737 766 858 799 gerens,

339 793 407 832 Siti,
432 795 515 828 fame
538 807 573 829 se
595 799 756 842 adfligens,

335 841 491 874 Passionis
517 844 632 877 Christi

377 896 495 920 memor
519 889 634 924 forens.

294 966 301 973 .
327 940 415 972 Haec
438 944 470 974 in
496 954 589 978 carne
611 957 762 987 generosa

327 986 440 1019 Mortis
466 991 583 1023 Christi
606 995 744 1033 pretiosa

372 1035 525 1075 Stigmata
548 1041 695 1082 portavit,

325 1078 491 1120 Nunquam
515 1083 576 1115 fuit
599 1087 708 1127 otiosa,

324 1124 387 1157 Sed
411 1136 498 1160 mens
523 1131 587 1162 eius
612 1134 754 1166 studiosa

368 1172 460 1212 Legit
484 1184 608 1216 semper
631 1183 685 1210 aut
708 1183 818 1224 oravit,

283 1242 290 1249 .
322 1218 436 1250 Manus
462 1222 526 1253 eius
552 1232 684 1264 operosa

323 1263 450 1296 Caelum
474 1268 535 1299 sibi
560 1272 686 1309 copiosa

368 1311 443 1343 Cum
468 1317 612 1347 mercede
636 1322 837 1359 comparavit.

284 1387 292 1394 .
319 1364 434 1398 Sancta
458 1368 618 1411 Hedwigis
640 1374 758 1415 inclita,

319 1411 404 1449 Quae
428 1412 487 1445 fuit
510 1416 543 1447 in
570 1419 684 1457 spiritu

365 1460 504 1492 caritatis
528 1461 661 1505 fervida,

314 1503 352 1535 Iu
376 1505 471 1538 laude
494 1510 666 1543 orationum
692 1515 810 1556 sedula,

315 1550 390 1588 Ipsa
412 1552 608 1588 intercedere
633 1559 777 1599 dignetur

311 1596 363 1628 Ad
386 1599 489 1631 Iesum
507 1602 663 1636 Christum
679 1606 854 1650 Dominum,

311 1642 428 1682 Regem
452 1649 641 1686 angelorum.

273 1711 280 1717 .
310 1688 433 1721 Malens
449 1701 482 1722 se
498 1694 641 1727 subicere
663 1703 851 1744 paupertati,

313 1734 408 1772 Quam
437 1742 568 1777 propter
600 1742 731 1781 gloriam
762 1746 852 1779 huius

627 1791 734 1822 mundi

307 1824 388 1856 Esse
410 1827 570 1862 immemor

353 1878 591 1914 praeceptorum
615 1880 684 1923 Dei,

309 1916 415 1950 Sitivit
439 1922 518 1953 enim
543 1925 674 1963 gloriam

353 1964 413 1996 Dei
439 1970 470 1998 et
493 1971 603 2005 oravit.

394 2085 440 2116 In
463 2086 688 2126 Laudibus.

441 2168 631 2205 Antiphonae.

247 2220 278 2253 1.
304 2221 463 2262 Hedwigis
487 2225 547 2257 Dei
571 2228 717 2265 laudibus

295 2268 414 2300 Diebus
438 2273 530 2310 atque
553 2277 694 2311 noctibus

344 2315 462 2355 Iugiter
486 2320 618 2354 vacabat

1019 212 1143 251 Proque
1170 216 1422 252 persecutoribus

1016 258 1159 290 Profusis
1183 262 1348 300 gemitibus

1061 304 1162 336 Deum
1186 308 1344 341 exorabat.

984 381 991 388 .
1015 359 1152 392 Iubilate
1175 362 1242 394 Deo
1267 364 1367 395 omnis
1392 367 1485 409 terra,

1014 405 1091 444 Quia
1114 407 1237 440 Christo
1261 410 1322 441 ista
1347 409 1466 443 famula

1013 452 1191 492 Conregnat
1213 463 1309 494 super
1334 457 1472 499 aethera,

1013 497 1068 529 Cui
1092 499 1158 530 laus
1184 503 1214 530 et
1238 501 1340 541 gloria

1010 543 1072 575 Per
1096 545 1218 578 infinita
1242 549 1377 581 saecula.

975 620 982 626 .
1010 598 1034 630 O
1059 598 1137 631 felix
1163 603 1195 632 et
1219 602 1321 644 beata,

1007 645 1074 676 Iam
1100 655 1118 677 a
1144 647 1269 680 Christo
1294 650 1471 695 sublimata,

1008 690 1128 731 Virgini
1151 693 1275 726 Mariae
1297 698 1425 739 sociata,

1005 737 1043 768 In
1067 739 1193 770 caelesti
1218 742 1303 773 curia
1328 750 1484 788 coronata,

1006 783 1070 814 Nos
1095 788 1168 823 post
1191 786 1250 818 hoc
1275 791 1417 823 exsilium

1004 829 1070 861 Fae
1094 831 1211 863 habere
1234 836 1312 866 caeli
1336 839 1492 876 gaudium.

945 884 975 915 4.
1002 884 1195 927 Benedicite‚
1220 890 1348 929 spiritus

1047 935 1078 962 et
1102 934 1222 966 animae
1245 937 1407 982 iustorum,

999 977 1077 1015 Quia
1100 979 1160 1011 Dei
1184 981 1276 1023 filius,

985 1061 991 1066 ·
1043 1025 1174 1065 largitor
1197 1028 1357 1074 bonorum,

995 1070 1137 1103 Deduxit
1159 1074 1306 1107 famulam
1330 1078 1511 1120 Hedwigem

1039 1118 1081 1148 ad
1105 1120 1219 1158 gaudia
1244 1124 1410 1159 caelorum.

935 1172 964 1202 5.
991 1171 1134 1205 Laudate
1156 1175 1324 1210 Dominum
1351 1181 1390 1212 de
1415 1184 1517 1227 caelis,

991 1218 1028 1249 In
1053 1220 1163 1258 quibus
1189 1223 1348 1265 Hedwigis
1372 1227 1475 1261 fidelis

992 1263 1116 1297 Gaudet
1140 1276 1208 1300 eum
1232 1271 1366 1304 Domino

989 1310 1134 1350 Regnans
1158 1315 1227 1347 siue
1250 1319 1393 1353 termino.

1100 1404 1144 1432 Ad
1170 1407 1351 1438 Benedictus.

948 1493 955 1499 .
987 1468 1145 1501 Virtutum
1171 1475 1319 1507 exercitio

984 1513 1154 1555 Longoque
1183 1519 1327 1554 confecta
1351 1526 1437 1557 senio

1031 1561 1191 1604 Hedwigis
1217 1566 1310 1600 beata

983 1606 1178 1642 Transcenso
1202 1615 1312 1646 mortis
1335 1619 1448 1660 stadio,

983 1652 1091 1686 Carnis
1117 1656 1259 1697 disrupto
1283 1662 1407 1696 vinculo

982 1698 1068 1730 Caeli
1090 1703 1211 1740 potitur
1231 1710 1370 1745 praemio

978 1744 1039 1776 Dei
1064 1755 1255 1788 conregnans
1279 1753 1355 1795 filio,

979 1790 1036 1822 Cui
1059 1793 1126 1825 laus
1150 1796 1191 1827 sit
1217 1800 1249 1829 et
1272 1801 1373 1839 gloria

976 1837 1038 1869 Per
1058 1839 1181 1874 infinita
1204 1848 1338 1880 saecula.

1051 1970 1095 2001 111
1120 1973 1150 2003 2.
1179 1974 1284 2017 Vesp
1295 1980 1390 2011 eris.

1092 2053 1136 2080 Ad
1153 2055 1330 2092 Magnifieat.

933 2130 939 2136 .
972 2106 996 2137 O
1021 2108 1101 2139 mira
1120 2109 1182 2142 Dei
1200 2112 1332 2159 bonitas,

971 2151 1038 2189 Qua
1061 2158 1199 2188 mutatur
1222 2160 1399 2198 sublimitas

1015 2199 1052 2231 In
1077 2202 1169 2234 beata
1192 2205 1353 2249 Hedwige‚

969 2244 1026 2276 Cui
1049 2249 1207 2282 mundana
1230 2259 1426 2296 prosperitas

967 2290 1015 2321 Ac
1038 2293 1233 2335 principatus
1260 2301 1394 2342 dignitas

1011 2338 1143 2372 Prorsus
1169 2344 1297 2388 viluere,
