1650 2542
746 126 997 160 —216—

310 216 372 249 Ubi
396 217 496 248 locum
520 218 720 258 praeparavit

354 262 511 302 Linquens
536 264 619 295 orbis
644 272 757 303 aream,

308 306 442 339 Granum
469 309 528 340 sibi
553 310 725 342 reservavit

352 354 537 386 Ventilando
561 356 691 394 paleam.

248 408 278 438 4.
306 407 488 446 Disciplinis
518 412 565 440 est
587 410 706 441 ‘nnbuta

349 453 459 485 Puella
482 455 675 495 caelestibus,

306 497 397 529 Nuda
421 500 536 530 nudum
562 503 609 531 est
632 503 739 532 secuta

350 543 450 575 Certis
476 545 630 577 Christum
654 547 807 589 passibus,

300 588 382 619 Dum
405 592 568 622 mundanis
594 595 642 623 est
664 596 757 625 exuta

347 635 460 667 Vacuis
485 637 665 672 honoribus.

244 690 273 720 5.
299 689 393 729 Virgo
418 691 485 723 Deo
511 693 658 725 decorata

344 735 435 768 Fidei
459 738 617 777 signaculo

298 781 341 813 Et
362 783 394 813 in
420 787 524 815 monte
549 786 708 826 collocata,

342 828 455 861 Divino
479 831 627 863 miraculo

298 873 362 905 Nos
388 877 525 914 expellas
552 878 615 910 vita
638 881 727 918 grata

342 920 453 953 Mortis
476 923 514 954 ab
538 924 729 965 umbraculo,

297 966 342 997 Ut
364 967 396 998 in
421 969 530 999 summi
554 971 596 1001 sit
615 974 747 1010 purgata

343 1012 436 1052 Regis
459 1014 645 1047 habitaculo.

411 1086 454 1112 Ad
473 1087 646 1122 Magnificat.

228 1139 267 1170 A.
297 1139 468 1173 Decoretur
494 1143 558 1174 dies
582 1145 643 1176 ista

344 1187 461 1218 devotis
486 1189 649 1230 obsequiis,

296 1231 348 1262 Sic
370 1241 429 1264 vox
445 1237 542 1275 sonet,
568 1239 602 1267 ut
618 1246 703 1268 mens
720 1238 833 1270 clamet.

340 1278 469 1310 internis
493 1283 677 1323 praeconiis,

295 1322 375 1354 Dum
400 1325 509 1357 beatae
531 1329 723 1360 Katharinae

342 1369 458 1403 detenti
483 1373 650 1405 sollemniis

295 1415 473 1448 Promoveri
496 1417 668 1459 flagitamus

341 1461 404 1493 eius
427 1465 618 1501 patrociniis,

352 1581 411 1613 Ad
436 1583 690 1619 Matutinum.

419 1656 627 1685 Invitatorium.

289 1709 367 1748 Regi
391 1719 507 1744 summo
531 1714 693 1747 iubilemus

332 1756 363 1786 in
387 1757 551 1797 triumphis
575 1761 738 1801 virginum,

289 1800 382 1838 Quem
408 1803 441 1834 in
466 1804 567 1836 choris
593 1811 739 1840 coronata

333 1847 491 1880 beatorum
515 1853 669 1891 agminum

291 1892 413 1925 Laudat
436 1896 521 1936 virgo
546 1899 720 1932 Katharina

333 1940 524 1974 dominorum
549 1945 712 1980 dominum.

343 2060 391 2091 In
417 2062 446 2094 1.
472 2063 695 2100 Nocturno.

426 2134 615 2170 Antiphonae.

229 2186 259 2217 1.
286 2186 436 2220 Generosi
459 2192 633 2226 Katharina

325 2234 425 2274 stirpe
450 2237 542 2270 ducta
566 2242 732 2283 sanguinis,

284 2278 335 2310 Sic
360 2282 473 2321 regalis
499 2287 546 2315 est
569 2288 679 2320 sortita

326 2327 437 2359 seriem
459 2333 648 2377 propaginis,

971 219 1015 251 Ut
1043 218 1075 249 in
1100 218 1156 250 illa
1179 227 1297 251 memor
1320 223 1402 251 esset

1015 264 1157 296 caelestis
1183 266 1321 306 originis.

913 320 943 351 2.
968 319 1029 351 Illa
1052 320 1130 351 nihil
1154 321 1331 360 amplexata

1017 366 1056 397 de
1079 369 1243 405 parentum
1268 367 1390 407 opibuS‚

967 411 1151 453 Disciplinis
1177 416 1225 444 est
1247 413 1367 445 imbuta

1011 459 1113 497 primo
1137 459 1358 502 saecularibus,

966 504 1052 546 Tuis,
1081 505 1212 544 Christe,
1238 506 1391 538 meditata

1011 551 1136 583 tandem
1160 552 1193 583 in
1217 553 1422 585 sermonibus.

932 630 939 637 .
964 604 1045 636 Dum
1075 605 1216 645 profanis
1240 608 1416 639 immolaret

1008 652 1102 683 idolis
1130 653 1320 694 Maxentius,

962 698 1016 729 Ad
1046 702 1244 737 conspectum
1265 701 1354 740 virgo
1378 701 1461 741 regis

1008 753 1214 784 prorumpens
1239 747 1404 778 audentius

962 790 1138 830 Diligenter
1162 793 1353 833 explanavit,

1008 838 1084 876 quid
1109 841 1192 869 esset
1215 839 1382 872 salubrius.

1094 901 1298 936 Responsoria.

926 980 934 988 .
963 955 1038 988 Cum
1064 958 1243 990 dominante
1265 969 1359 992 manu

1005 1007 1164 1042 premeret
1186 1005 1365 1039 Maxentius
1386 1008 1503 1047 orbem,

959 1048 1054 1089 Urbs,
1080 1051 1119 1081 ab
1145 1052 1320 1084 Alexandri

1005 1104 1083 1135 quae
1099 1099 1233 1138 sumpsit
1242 1100 1367 1131 nomine
1380 1110 1505 1142 nomen,

959 1141 1106 1181 Martyrii
1133 1144 1244 1176 didicit

1004 1188 1200 1222 Katharinae
1247 1193 1397 1232 sanguine
1437 1193 1501 1225 for-

1276 1247 1368 1279 mam,

919 1304 926 1311 .
958 1280 1043 1312 Urbs
1072 1284 1222 1320 provecta
1244 1292 1320 1315 suae

1003 1327 1122 1358 meritis
1147 1331 1179 1359 et
1202 1329 1346 1369 dogmate
1371 1332 1457 1365 civis.

923 1406 929 1413 .
955 1381 1043 1412 Haec
1065 1391 1160 1414 verae
1183 1383 1256 1416 fidei

1001 1429 1099 1459 sacris
1125 1430 1236 1462 edocta
1258 1433 1417 1472 magistris

953 1474 1060 1505 Audet
1084 1475 1256 1509 Caesareae

1000 1524 1115 1552 sectam
1139 1523 1323 1556 subvertere
1346 1526 1434 1568 legis,

951 1566 1027 1598 Cum
1051 1570 1150 1599 metus
1176 1579 1268 1601 omne
1291 1580 1371 1611 genu

998 1618 1143 1646 curvaret
1167 1616 1209 1648 ad
1232 1617 1319 1649 idola
1342 1620 1436 1660 regis,

914 1684 920 1690 .
950 1658 1019 1690 Nec
1043 1661 1151 1692 vitium
1174 1664 1325 1702 propriae

997 1706 1084 1745 virgo
1113 1709 1197 1747 sapit
1220 1710 1311 1742 unica
1334 1713 1445 1751 gentis.

916 1785 923 1792 .
948 1760 1017 1791 Rex
1042 1761 1145 1794 decies
1170 1765 1279 1803 quinos

993 1807 1081 1839 iubet
1104 1809 1276 1843 adventare
1299 1814 1468 1856 sophistas,

947 1852 1121 1886 Discutitur
1148 1865 1263 1898 verum,

994 1900 1084 1932 docte
1107 1902 1285 1936 Kathan'na
1307 1911 1445 1947 perorat,

946 1946 1000 1977 Illi
1023 1949 1167 1988 martyrii

991 1994 1111 2032 pariter
1136 2004 1297 2035 sumpsere
1322 2008 1474 2042 coronas3

876 2037 915 2068 V.
944 2038 997 2070 Sic
1019 2039 1153 2081 infirma,
1178 2042 1274 2082 Deus,

989 2086 1115 2127 recipis,
1140 2088 1187 2118 sic
1210 2087 1306 2122 fortia
1330 2091 1459 2134 frangis.

1007 2176 1052 2208 In
1076 2180 1107 2210 2.
1133 2178 1358 2218 NocturnO.

1094 2241 1268 2278 Antiphona.

889 2296 918 2326 l.
944 2295 1015 2327 Non
1040 2299 1097 2335 est,
1126 2298 1236 2344 inquit,
1263 2305 1394 2337 rationis

988 2342 1094 2381 plures
1118 2344 1201 2378 Deos
1227 2349 1329 2381 colere
