1650 2542
737 147 988 181 —166—

963 238 1058 277 Quem
1084 238 1228 269 eductum
1253 235 1347 267 hodie

1010 285 1049 315 de
1074 284 1174 315 carnis
1199 290 1347 323 pressura

964 331 1019 361 Vir
1041 331 1151 361 beatus
1175 329 1328 368 conspicit

1007 377 1068 408 iam
1093 385 1153 408 non
1179 376 1211 407 in
1235 374 1345 416 figura,

961 423 1024 454 Sed
1049 424 1114 454 eius
1138 420 1312 461 perfruitur

1007 470 1125 500 visione
1148 478 1239 508 pura.

369 275 412 306 In
439 276 470 306 2.
496 271 703 311 vesperis.

413 365 457 391 Ad
477 362 650 399 Magnificat.

228 433 267 464 A.
296 429 474 469 Magnificet
503 429 669 460 Dominum

342 476 439 507 omnis
462 480 612 512 creatura,

303 558 382 583 Brev.
403 565 455 583 ms.
475 555 506 582 S.
525 554 674 581 Michaelis
698 553 733 580 de
755 553 844 579 Clusa
862 559 936 579 saec.
959 550 1001 579 14.
1033 551 1099 579 cod.
1119 551 1274 578 Tam-ineu.
1295 550 1322 576 D
1342 549 1383 576 VI
1404 547 1447 576 11.
1471 561 1507 566 —-

228 595 267 620 In
293 593 316 620 1.
343 594 443 620 Noct.
470 591 489 617 Β
517 591 538 624 1,
560 591 576 617 7
597 592 740 626 strepitus.
767 604 803 609 —
830 588 849 614 R
878 588 901 622 1,
922 587 938 615 9
959 589 1078 624 positus.
1103 602 1139 607 —-
1166 589 1207 615 In
1227 586 1253 614 2.
1273 588 1373 614 Noct.
1400 584 1423 612 Α
1443 583 1470 618 3,
1490 582 1508 611 3

229 631 372 665 archiprae
391 630 442 656 uli.
464 644 500 648 —-
522 629 540 654 Α
561 626 587 661 3,
607 627 626 655 4
645 628 750 654 wieder
770 626 925 662 plenitudo.
946 641 984 646 —-
1005 624 1024 651 R
1046 623 1071 658 2,
1092 623 1109 652 9
1129 625 1223 652 Pellit.
1245 639 1279 643 —
1299 624 1342 651 In
1361 621 1388 650 3.
1408 623 1507 650 Noet.

230 666 249 692 R
273 666 296 699 l,
317 666 333 693 5
354 667 506 701 conspicit.
526 680 562 684 -
581 666 622 692 In
640 665 748 692 Laud.
769 663 791 690 Α
811 662 838 697 3,
858 662 877 690 4
896 663 1001 690 wieder
1019 662 1172 697 loquelam.

565 792 610 823 58.
644 792 684 822 De
708 799 732 822 s.
750 791 885 822 Iohanne
905 789 1164 828 Eleemosynario.

367 871 413 901 In
438 870 468 902 1.
494 870 707 909 Vesperis.

436 942 625 977 Antiphonae.

247 1001 273 1030 1.
300 999 389 1030 Diem
414 999 494 1030 hanc
518 999 678 1038 condignis

298 1046 491 1077 Veneremur
514 1045 669 1084 laudibus,

301 1091 365 1128 Qua
389 1091 475 1121 miris
501 1091 602 1121 clarus
626 1092 746 1122 actibus

299 1137 448 1176 Migravit
466 1137 498 1167 in
523 1138 657 1175 patriam

299 1184 431 1215 Ioannes
456 1183 723 1223 eleemosynarius.

243 1238 274 1268 2.
302 1238 357 1268 Vir
382 1242 449 1268 erat
475 1241 599 1268 sancius
624 1247 718 1277 opere

300 1284 343 1314 Et
366 1287 494 1322 aspectu
516 1285 682 1323 angelicus,

301 1329 380 1361 Erat
400 1330 520 1369 integer
545 1338 684 1369 corpore,

304 1375 437 1406 Consilio
459 1374 649 1414 magnificus

247 1432 277 1463 3.
303 1430 398 1468 Quem
421 1430 614 1461 Alexandria
635 1432 810 1470 praesulem

302 1477 338 1507 In
365 1477 480 1507 honore
502 1477 602 1507 tenuit

301 1522 344 1553 Et
368 1522 575 1560 patriarcham
599 1523 738 1554 inclitum

303 1569 365 1601 Ceu
390 1577 500 1599 numen
528 1568 605 1599 caeli
630 1570 733 1601 coluit.

245 1626 276 1656 4.
302 1623 393 1654 Hunc
418 1624 543 1654 claritas
568 1625 689 1663 generis

304 1669 447 1707 Quamvis
471 1668 547 1700 fecit
570 1670 782 1710 spectabilem,

302 1716 454 1746 Immensa
478 1718 582 1746 tamen
604 1716 704 1753 pietas

304 1761 429 1791 Cunctis
454 1761 560 1791 reddit
583 1761 756 1793 amabilem.

248 1817 277 1847 5.
303 1816 405 1847 Fulsit
433 1815 502 1846 orbi
525 1815 676 1847 celebrior

305 1862 418 1893 Plenus
443 1861 591 1892 virtutum
612 1863 743 1902 actibus,

304 1908 423 1939 Pietate
447 1907 607 1939 sublimior

305 1954 429 1986 Cunctis
453 1954 594 1992 pristinis
618 1955 771 1993 patribus,

421 2025 466 2052 Ad
484 2025 659 2061 Magnificat.

237 2082 276 2114 A.
306 2081 437 2112 Sanctus
462 2083 616 2115 Iohannes
641 2084 781 2124 eleimon,

304 2127 368 2158 Piis
392 2128 502 2166 plenus
527 2130 682 2170 operibuS,

305 2174 478 2205 Feneratur
503 2175 645 2216 Domino,

306 2219 411 2250 Sciens
437 2221 638 2261 eleemosynis

306 2265 439 2297 Peccata
462 2268 599 2308 purgari,

307 2311 435 2343 Secutus
464 2313 706 2347 misericordiam

305 2359 473 2391 Aeternam
498 2360 617 2392 invenit
639 2362 778 2402 gloriam.

1021 868 1081 899 Ad
1104 867 1372 899 Matutinum.

1098 941 1310 967 Invitatorium.

964 998 1133 1029 Iubilemus
1157 997 1301 1035 Domino,

966 1044 1022 1081 Qui
1049 1044 1129 1075 viam
1154 1043 1323 1074 salutarem

965 1090 1084 1129 Populo
1110 1089 1336 1121 demonstravit,

964 1136 1001 1167 In
1027 1136 1145 1167 Ioanne
1168 1135 1421 1174 eleemosynario.

1027 1248 1071 1279 In
1097 1249 1128 1279 2.
1154 1246 1380 1278 Nocturno.

1106 1320 1297 1355 Antiphonae.

909 1378 925 1409 1
932 1401 939 1408 .
965 1377 1136 1409 Invocabat
1159 1377 1327 1409 Dominum

1010 1424 1042 1454 in
1068 1426 1242 1462 opportuno
1265 1426 1414 1461 tempore,

966 1469 1047 1500 Dum
1072 1470 1174 1501 omnia
1200 1469 1369 1508 distribuit,

1011 1517 1143 1548 aderant
1167 1516 1258 1555 plura
1282 1524 1426 1555 propere.

909 1572 940 1602 2.
964 1571 1016 1601 Ad
1043 1571 1208 1602 clamorem
1231 1579 1404 1610 pauperum

1012 1626 1137 1649 manum
1160 1617 1333 1656 reserabat,

965 1662 1120 1694 Exaudiri
1144 1664 1267 1702 meruit,

1013 1709 1154 1747 quotiens
1177 1709 1340 1742 clamabat.

911 1765 941 1796 3.
966 1763 1086 1795 Nomen
1112 1764 1298 1796 admirabile

1013 1811 1139 1849 pietatis
1163 1811 1310 1850 largitate

967 1856 1109 1888 Eleimon
1133 1857 1268 1889 obtinuit

1012 1903 1045 1934 in
1068 1906 1172 1936 terrae
1194 1904 1408 1935 universitate.

1029 2006 1075 2037 In
1100 2006 1130 2037 3.
1157 2005 1383 2036 Nocturno.

1105 2076 1299 2112 Antiphonae.

916 2134 945 2165 1.
973 2132 1059 2164 Caeli
1082 2132 1315 2164 tabernaculum

1019 2179 1128 2210 Cultor
1151 2179 1385 2212 misericordiae

1063 2224 1224 2263 Ingressus
1248 2234 1368 2266 secure,

972 2270 1053 2301 Nam
1077 2271 1197 2308 puritas
1220 2274 1252 2302 ct
1275 2274 1376 2311 pietas

1017 2316 1058 2347 Et
1081 2316 1174 2348 decor
1197 2318 1335 2350 iustitiae

1064 2362 1166 2395 Erant
1189 2364 1248 2396 sibi
1274 2374 1376 2400 curae.
