1650 2542
710 128 959 164 ιιι-245-4

330 219 377 252 111
402 220 433 253 2.
460 221 567 262 Vesp
579 223 673 256 eris.
932 226 990 264 Qui
1014 225 1108 258 solvis
1132 224 1165 256 in
1191 233 1316 257 carcere

934 272 1066 304 Catenas
1091 273 1292 312 captivorum,

374 330 418 357 Ad
436 329 612 367 Magnificat.
932 318 1050 350 Nostra
1073 317 1124 349 fac
1145 319 1249 357 quieta
1272 321 1414 357 tempora

934 365 984 396 Ab
1005 364 1232 396 incursionibus
1253 365 1457 402 inimicorum,

192 406 232 438 A.
262 405 342 446 Ave,
367 408 458 445 pater
482 407 550 438 Deo
577 408 679 448 digne,
932 411 977 443 Ut
1000 414 1032 442 te
1055 411 1088 442 in
1112 419 1175 449 ore,
1200 416 1233 441 te
1255 411 1286 442 in
1313 411 1407 442 corde

261 452 341 491 Ave,
368 452 467 483 dulcis
492 456 524 484 et
543 454 685 494 benigne,
933 456 1063 496 Semper
1086 457 1253 488 habeamus

259 498 339 537 Ave,
365 498 460 530 hodie
484 501 637 532 scandens
661 502 778 541 polum,
931 503 975 534 Et
997 506 1099 534 tecum
1124 506 1196 534 ante
1219 504 1365 535 thronum
1389 502 1450 534 Dei

261 544 458 588 Leonharde‚
485 546 613 578 vincens
637 548 746 586 solum,
933 549 1006 580 Siue
1029 548 1091 580 fine
1114 550 1312 589 gaudeamus,

266 618 350 644 Brev.
377 618 565 646 Nidrosiense
587 621 655 655 imp.
675 621 797 648 Parisiis
824 619 904 648 1519.
923 637 961 641 —
978 622 1020 649 In
1039 621 1066 650 3.
1093 622 1189 649 Noc-t.
1213 620 1234 648 R
1254 621 1280 656 2,
1301 620 1318 648 6
1337 622 1474 648 Arcentes

191 654 331 682 custodia.
347 669 382 673 —
398 656 438 682 In
457 656 564 683 Laud.
586 655 608 683 Α
625 656 649 690 1,
671 655 688 684 3
708 658 831 686 Nautem
843 658 1020 686 Britanniae.
1043 674 1077 679 —
1097 659 1138 686 In
1155 658 1181 686 2.
1201 660 1298 694 Vesp.
1320 659 1356 685 ad
1375 659 1472 694 Magn.

191 690 224 725 Α,
243 690 263 718 4
281 692 344 719 Ave
362 692 541 721 Leonharde.
562 710 598 713 —
617 695 673 721 Die
688 695 823 730 Hymnen
843 695 878 723 de
898 697 1049 723 communi.

607 811 652 842 85.
685 812 727 842 De
747 813 852 843 sancto
873 812 1060 843 1160111161·ᾱο-

332 888 378 919 In
404 890 434 921 1.
462 889 673 929 vesperis.

410 999 601 1035 Antiphonae.

206 1075 234 1105 1.
259 1073 284 1105 Ο
310 1073 496 1106 Leouharde
519 1078 619 1114 pater,

307 1119 500 1151 Francorum
525 1121 621 1160 stirps
645 1130 804 1161 generosa,

261 1165 369 1196 Nexus
394 1167 470 1197 tolle
493 1167 592 1198 malos

306 1215 337 1242 et
362 1212 510 1244 submove
534 1216 646 1244 cuncta
669 1222 792 1254 perosa,

260 1258 386 1289 Peccati
413 1259 533 1301 vinclis,

306 1308 415 1344 pastor
438 1306 613 1346 benedicte,
639 1310 736 1345 tuere,

259 1351 305 1383 Ut
329 1351 453 1383 Christo
478 1353 573 1383 corde

308 1406 387 1437 puro
411 1399 565 1437 possimus
590 1399 726 1438 placere.

228 1524 235 1532 .
260 1500 422 1539 Angelicis
446 1500 588 1532 manibus

309 1547 350 1578 ad
376 1547 453 1578 caeli
479 1548 614 1579 culmina
640 1548 750 1579 ductus

261 1593 396 1625 Intravit
418 1594 556 1633 gaudens

307 1643 486 1672 sauctorum
507 1641 595 1672 milia
620 1649 758 1672 cerneus.

227 1767 235 1775 .
260 1743 298 1774 In
323 1752 437 1782 supera
461 1744 566 1775 sidera

307 1798 418 1829 magno
444 1793 607 1829 susceptus
631 1791 758 1833 honore,

261 1836 351 1875 Quod
375 1837 462 1875 prius
487 1836 539 1867 hic
562 1837 595 1868 in
619 1845 685 1877 spe,

307 1883 400 1914 modo
430 1891 505 1914 vera
529 1884 683 1922 conspicis
706 1884 738 1914 in
763 1886 805 1916 te.

225 2012 233 2019 .
259 1986 369 2019 Abbas
394 1986 520 2018 abditas

305 2036 469 2073 susceptus
494 2033 624 2065 caelitus
650 2033 738 2072 odas,

259 2081 452 2113 Commenda
475 2083 600 2113 nostros

309 2128 453 2168 Domino,
463 2130 555 2169 pater
562 2126 679 2170 inclite,
691 2128 806 2159 coetus.

203 2254 234 2265 ι.
261 2232 328 2263 Iam
351 2231 451 2262 cernit
477 2231 637 2264 Christum

306 2287 411 2318 regem
435 2278 653 2318 dominumque
664 2278 808 2317 polorum

256 2327 427 2366 Maiestate
450 2334 507 2356 sua

306 2373 476 2412 disponere
499 2372 625 2404 saecula
648 2373 769 2404 cuncta.

989 892 1035 923 In
1061 892 1091 923 1.
1117 891 1344 924 NocturnO.

1073 964 1263 999 Antiphonae.

876 1021 906 1053 1.
931 1020 1092 1051 Ecclesiae
1118 1021 1221 1058 proles

977 1065 1100 1097 Christo
1127 1069 1216 1097 canat
1231 1066 1340 1097 inclita
1355 1066 1475 1106 laudes,

933 1111 991 1149 Qui
1015 1112 1103 1143 dedit
1127 1112 1268 1151 angelica

980 1157 1167 1189 Leonhardo
1190 1159 1331 1197 praemia
1354 1159 1446 1190 vitae.

874 1215 906 1245 2.
931 1213 1089 1244 Virtutum
1112 1213 1211 1245 titulis

978 1260 1159 1298 resplendet
1182 1260 1276 1291 turba
1298 1259 1401 1291 fidelis

934 1305 1118 1337 Sanctorum
1140 1309 1265 1344 patrum

982 1351 1097 1383 Christi
1115 1352 1266 1384 mandata
1282 1356 1474 1391 sequentum.

875 1409 906 1440 3.
931 1408 1101 1447 Postquam
1122 1406 1223 1439 factus
1245 1408 1428 1439 adulescens

980 1454 1078 1486 evasit
1098 1453 1273 1494 infantiam,

933 1500 1148 1540 Frequentare
1171 1501 1375 1539 temporalem

979 1548 1080 1578 noluit
1103 1547 1256 1579 militiam.

1067 1621 1270 1656 Responsoria.

875 1679 906 1711 1.
932 1678 957 1710 O
981 1678 1168 1710 Leonharde
1186 1680 1267 1718 tuos,

980 1733 1027 1765 en,
1040 1733 1234 1765 quaesumus,
1245 1725 1351 1765 aspice
1359 1733 1476 1763 servos,

932 1772 986 1812 Ut,
1012 1772 1064 1811 qui
1089 1772 1170 1803 festa
1189 1774 1244 1803 tua

980 1818 1172 1850 celebramus
1198 1818 1294 1850 corde
1316 1817 1416 1859 fideli,

932 1865 1077 1897 Latorem
1103 1866 1187 1896 vitae

981 1912 1066 1951 digni
1090 1920 1264 1943 mereamur
1288 1911 1377 1942 adire

863 1958 900 1989 V.
929 1957 1198 1997 Magnificansque
1222 1958 1312 1989 bonis

978 2013 1103 2044 semper
1134 2005 1290 2044 potiamur
1313 2004 1476 2036 habendis.

996 2098 1041 2130 Iu
1067 2099 1097 2130 2.
1123 2097 1345 2130 Nocturno.

1076 2171 1269 2207 Antiphonae.

879 2229 909 2262 1.
933 2228 1084 2260 Desertus
1107 2230 1205 2272 vicus,

981 2276 1149 2307 monachus
1170 2277 1237 2308 vult,
1253 2284 1320 2307 esse
1336 2274 1480 2314 pudicus,

936 2322 1049 2354 Vivere
1072 2323 1233 2354 mendicus

980 2368 1115 2402 Domino
1139 2369 1291 2409 spiritalis
1316 2368 1445 2400 amicus,
