1650 2542
748 177 794 182 -
841 160 908 195 283
957 183 1002 186 --

437 243 641 278 Responsoria.
912 258 944 288 2.
969 257 1056 288 Haec
1079 268 1172 297 passa
1197 259 1304 300 flagra,
1332 271 1497 305 carcerem,

243 294 273 326 1.
300 295 416 329 Sancta
440 300 527 340 virgo
552 302 612 334 Dei
635 305 825 348 Margareta,
966 303 1119 336 Draconis
1145 306 1243 337 diram
1269 309 1377 350 aedem,

298 341 419 381 Spiritu
444 348 475 376 et
498 355 592 380 carne
616 352 777 393 castigata,
967 350 1069 381 Intrat
1091 351 1123 382 in
1149 354 1355 386 exsultatione

295 387 345 419 De
364 390 481 422 virtute
497 393 530 424 in
546 395 693 428 virtutem
709 401 839 441 prodiit,
965 397 1077 429 Portas
1102 398 1184 429 Vitae
1209 402 1240 430 0¹³
1264 409 1405 437 coronae·

293 433 387 466 Unde
403 437 435 467 in
453 439 547 470 caelis
565 441 703 475 lauream
714 448 839 488 meruit,

223 477 262 510 V.
291 480 455 520 Lampade
479 494 627 520 succensa

338 528 419 560 vixit
441 531 520 570 vigil
543 533 774 575 irreprehensa.

908 470 937 501 3.
964 469 1078 501 Sitiens
1102 472 1205 504 Deum
1230 475 1341 516 anima,

964 515 1011 546 Ne
1036 518 1237 551 tardarentur
1260 524 1408 567 praemia,

962 561 1025 593 Sub
1050 564 1254 602 spiculatione
1278 570 1444 611 supplicat,

234 582 264 612 2·
290 582 328 614 1¹¹
355 584 516 618 ⁶⁰l¹¹mbae
539 591 644 627 speoie
961 609 1023 639 Pro
1048 611 1166 641 cunctis
1189 612 1291 645 Deum
1314 618 1460 655 postulat.

336 630 433 670 Virgo
457 633 639 673 Margareta

289 675 428 708 Invitata
452 679 570 718 gloriae
903 683 934 714 4.
960 681 1085 715 Gratias
1108 694 1166 724 ago
1190 688 1257 726 regi
1281 692 1483 733 saeculorum,

334 722 463 755 Plaudit
485 726 594 758 laudes
619 729 711 770 laeta,
959 728 1017 766 Qui
1041 729 1164 769 dignam
1188 742 1237 764 me
1262 735 1372 768 habuit

287 768 381 800 Unde
404 772 543 809 gaudens
567 774 662 806 hodie
958 774 995 805 In
1019 780 1104 807 sorte
1127 782 1315 820 sanctorum,

333 815 446 847 Psallit
470 821 501 849 et
525 821 697 859 propheta:
956 821 1023 859 IPSi
1048 822 1193 861 hymnum
1218 826 1297 866 (1100,

213 858 251 890 V.
281 861 409 893 Memor
433 872 484 896 ero
512 867 654 899 nominis
678 870 735 909 tui,
759 871 830 904 Do·
956 867 1103 900 Laudans
1127 873 1158 901 et
1181 872 1330 911 glorifico.

283 907 380 948 mine,
405 909 440 940 in
466 913 556 943 omni
576 917 788 952 generatione.
898 941 916 971 5
956 940 1102 981 Corporis
1129 944 1213 976 dulci
1238 949 1385 986 tympano

224 962 255 993 3.
283 963 408 1003 Martyr
433 966 550 998 Christi
574 969 763 1012 Margareta,
921 966 928 972 ”
950 987 995 1017 Et
1020 988 1103 1019 claro
1129 991 1211 1021 vitae
1236 1002 1361 1034 organo,

281 1009 380 1041 Stella
401 1011 507 1044 lucens
534 1017 565 1045 et
588 1024 708 1057 serena,
951 1033 1159 1066 Benesonanti
1184 1039 1324 1076 cymbalo

279 1056 365 1094 Quae
388 1058 547 1091 ministros
573 1062 670 1094 durae
694 1066 802 1097 mortis
950 1079 1110 1112 Psallebat
1134 1082 1220 1122 virgo
1244 1085 1387 1119 Domino·

279 1101 451 1143 superasti,
477 1109 548 1145 tyro
573 1106 674 1149 fortis,

275 1147 342 1179 Fac
365 1158 422 1181 nos
446 1151 492 1183 ita
518 1154 689 1195 decertare,

276 1194 321 1226 Ut
343 1196 498 1234 possimus
524 1200 728 1240 triumphare.
1061 1182 1107 1209 Ad
1126 1185 1305 1214 Benedmtus.

206 1239 243 1271 V.
274 1240 409 1272 Procum
436 1244 500 1275 suis
526 1253 592 1277 cum
619 1250 783 1281 tormentis
877 1246 916 1279 A·
946 1247 1044 1279 Βθῆΐᾶ
1069 1249 1185 1282 Christi

275 1286 403 1326 Spernit
427 1290 515 1329 virgo
540 1301 635 1324 sanae
658 1297 780 1336 mentis,
992 1295 1080 1334 VirgO
1105 1296 1286 1346 margareta

273 1332 427 1372 Sponsum
451 1345 556 1376 regem
581 1339 747 1374 benedicta
945 1338 1062 1371 Felicis
1087 1344 1237 1382 trlumphi

274 1380 402 1418 Quaerit
428 1384 531 1415 colens
551 1385 719 1421 indevicta.
991 1395 1096 1426 pugna
1122 1391 1276 1429 completa

944 1432 1083 1464 Tandem
1101 1435 1157 1466 sub
1171 1438 1369 1475 spiculatoris
1382 1442 1486 1481 gladio

358 1473 403 1504 In
428 1475 656 1512 Laudibus,
943 1479 1087 1511 Animam
1112 1483 1254 1515 reddidit
1278 1485 1421 1528 Domino,

943 1524 1034 1557 Clara
1060 1528 1152 1559 terris

405 1547 597 1584 Antiphonae.
987 1574 1017 1602 et
1040 1582 1099 1611 per
1122 1576 1220 1608 multa
1244 1578 1414 1620 beneficia3

211 1602 241 1633 1.
269 1602 293 1634 O
319 1612 411 1642 quam
438 1606 603 1640 credibilia
938 1618 1128 1652 Benedictus

264 1648 333 1680 Tua
356 1652 533 1684 testimonia
982 1664 1067 1697 Deus
1093 1676 1187 1706 super
1211 1671 1324 1710 sidera,

263 1695 343 1727 Sunt
366 1696 461 1738 facta,
487 1700 560 1732 Iesu
583 1701 726 1744 Domine,
935 1710 985 1741 De
1009 1713 1094 1744 cuius
1116 1714 1163 1745 illi

261 1742 299 1773 In
324 1743 525 1784 Margaretae
549 1750 708 1789 sanguine.
981 1763 1161 1797 praestatur
1183 1764 1294 1802 gratia.

264 1806 349 1833 Brev.
376 1817 427 1836 ms.
452 1810 545 1846 Capit.
571 1813 794 1852 Dusseldorpini
818 1827 892 1847 saec.
921 1819 964 1849 15.
1005 1822 1072 1850 Cod.
1095 1826 1313 1863 Dusseldorpin.
1335 1829 1357 1856 C
1376 1829 1420 1858 64.

187 1843 228 1869 In
248 1841 274 1870 2.
302 1845 404 1872 Noct.
434 1845 454 1872 R
476 1846 507 1881 2,
521 1847 541 1876 4
561 1849 670 1878 Circuit
687 1853 818 1889 ligatum.
839 1872 874 1876 —
897 1856 917 1884 R
939 1857 955 1886 3
975 1862 1132 1895 prosaiseh.
1153 1879 1190 1882 —
1210 1865 1249 1892 In
1269 1864 1295 1892 2.
1316 1867 1420 1903 Vesp.
1441 1870 1476 1896 ad

186 1880 284 1916 Magn.
308 1881 329 1908 Α
349 1882 429 1910 fehlt.
445 1899 481 1903 —
502 1886 558 1913 Die
579 1886 601 1913 Α
622 1889 659 1915 ad
673 1886 781 1927 Magn„
802 1894 852 1921 das
866 1895 984 1923 Invitat.
1001 1899 1060 1925 und
1074 1900 1121 1927 die
1135 1901 1196 1928 drei
1215 1900 1262 1928 ΑΑ
1283 1903 1333 1930 der
1354 1903 1378 1931 1.
1391 1906 1475 1933 Noct.

186 1918 252 1945 sind
272 1919 381 1947 diesem
400 1922 460 1949 und
480 1923 545 1950 dem
563 1925 816 1964 vorhergehenden
835 1932 966 1961 Officium
985 1938 1170 1970 gemeinsam.

601 2016 647 2048 99.
677 2018 721 2049 De
744 2022 852 2052 sancta
873 2023 1060 2064 Margareta.

316 2081 363 2113 In
390 2082 420 2115 1.
446 2083 525 2116 Ves
535 2087 664 2125 peris.
858 2092 895 2125 V.
923 2093 992 2125 Deo
1016 2096 1094 2126 caeli
1118 2097 1274 2139 placuisti,

180 2144 209 2176 R
250 2146 274 2178 Ο
300 2148 424 2180 novena
926 2141 988 2172 Pro
1013 2151 1073 2195 quo
1097 2143 1179 2196 laete
1201 2146 1324 2199 subiisti

211 2171 218 2178 '
251 2191 345 2224 Lucis
370 2196 473 2238 stella,
972 2188 1130 2221 Pass1on1s
1152 2192 1299 2231 gladium.

296 2240 377 2272 Late
401 2241 537 2276 fundens
561 2246 693 2287 radium,
1041 2253 1086 2280 Ad
1105 2255 1280 2292 Magnificat.

249 2287 279 2317 A
303 2289 444 2326 procella
852 2299 892 2332 A.
919 2301 1010 2332 Mens
1035 2301 1209 2341 adplaudat
1232 2307 1301 2337 voci
1324 2308 1406 2339 laete

247 2333 324 2373 Nos,
349 2336 465 2377 puella,
922 2346 1149 2381 Sacrosanctae
1174 2351 1374 2392 Margaretae

291 2380 362 2412 Duc
386 2383 427 2416 ad
452 2384 536 2416 vitae
558 2387 712 2429 stadium;
967 2395 1119 2427 Psallenti
1145 2398 1316 2441 victoriam,
