1650 2542
708 116 936 150 „99ss

195 210 226 241 3.
251 209 344 248 Quasi
368 207 425 241 flos
451 219 590 241 rosaram
611 212 712 251 spirat

302 255 335 286 in
361 256 465 287 vernis
491 256 610 295 diebus,

259 300 311 332 Sic
334 304 417 333 totus
442 301 567 342 fraglat,
595 305 683 343 quasi
707 306 748 337 sit

301 347 443 379 conditus
467 350 641 388 speciebus,

183 394 220 426 V.
251 393 338 425 Sicut
360 395 434 426 luna
457 395 551 435 plena
574 397 658 428 lucet

299 440 362 471 suis
386 441 419 472 in
445 441 564 481 diebus,

253 488 303 518 Ita
327 487 375 518 vir
399 487 566 519 laudabilis

298 533 439 564 omnibus
463 534 496 565 in
520 534 623 567 rebus.

193 590 226 621 4.
251 589 346 620 Istius
371 589 520 620 memoria

298 635 379 666 sicut
400 635 490 667 favus
514 636 624 679 mellis,

253 682 337 720 Opus
362 682 561 721 pigmentarii

299 737 407 759 carens
430 727 517 760 faece
541 727 633 760 fellis.

183 774 220 806 V.
252 774 449 806 Immortalis
475 777 518 806 est
539 776 622 806 enim
637 776 794 807 memoria

249 821 349 854 inim.

308 923 353 954 In
379 925 409 955 2.
436 923 661 956 Nocturno.

385 996 570 1031 Antiphonae

192 1053 224 1085 1.
252 1052 336 1083 Visio
360 1053 602 1091 pulchritudinis

297 1099 381 1130 Vere
405 1101 610 1137 nuncupatur,

249 1145 338 1184 Quod
362 1143 446 1175 fama
470 1145 517 1175 sui
541 1145 673 1176 nominis

298 1190 389 1222 Clare
412 1193 613 1230 protestatur.

191 1248 221 1278 2.
247 1246 291 1278 Ut
313 1255 384 1277 rosa
407 1246 577 1284 patientiae

294 1291 405 1331 flagrat
432 1300 500 1322 cum
525 1292 647 1333 rubore,

251 1338 308 1376 Qui
333 1341 419 1369 tanta
444 1338 593 1369 sustinuit

295 1384 411 1416 Christ-i
434 1393 491 1423 pro
517 1393 631 1419 amore.

191 1442 221 1473 3.
249 1440 369 1472 Gaudet
393 1441 480 1479 quasi
503 1440 602 1471 lilium

295 1487 407 1518 decore
432 1486 593 1525 castitatis,

247 1533 351 1565 Ardet
375 1533 463 1572 quasi
489 1533 625 1564 calculus

297 1578 423 1611 fervore
448 1579 596 1612 caritatis

187 1637 219 1669 4.
246 1635 420 1668 Coronatur
442 1635 566 1676 merito,

292 1682 384 1721 digne
409 1683 582 1721 coronatur,

245 1727 337 1760 Cuius
362 1728 446 1759 vitae
470 1728 618 1759 sanctitas

289 1783 347 1814 per
371 1775 518 1805 muudum
543 1774 754 1813 praedicatur.

188 1832 218 1863 5.
245 1830 362 1862 Similis
386 1830 413 1861 is
438 1828 538 1861 factus
563 1833 609 1861 est

290 1876 321 1907 in
347 1876 447 1916 gloria
471 1879 657 1916 sanctorum,

246 1923 303 1962 Qui
329 1931 450 1954 errores
477 1922 608 1961 dispulit

289 1978 394 2001 omnes
419 1969 655 2001 haereticorum.

184 2029 215 2060 6.
242 2027 266 2059 O
291 2027 392 2057 mater
417 2026 559 2065 ecclesia,

290 2073 372 2104 hunc
396 2072 448 2112 pie
472 2073 663 2113 amplexare,

244 2120 302 2159 Qui
327 2119 373 2151 sic
396 2122 479 2151 tuam
505 2120 635 2159 gloriam

288 2166 409 2198 studuit
434 2167 576 2199 dilatare.

374 2240 578 2274 Responsoria.

183 2299 213 2332 1.
242 2298 301 2337 Qui
326 2300 394 2329 erat
417 2297 474 2328 sub
495 2297 612 2337 nubilo,

286 2347 361 2376 tunc
385 2342 509 2376 refulsit
531 2344 687 2384 Phoebus,

845 1747 881 1779 V.

920 212 996 245 Cum
1020 214 1144 243 sanctus
1169 211 1350 250 Ieronymus

967 259 1050 290 velut
1074 257 1284 289 Machabacus

922 304 1075 337 Contrivit
1097 304 1231 336 Arianos

968 354 999 382 et
1022 359 1127 382 onmes
1152 350 1370 389 Manichaeos;

923 398 1052 429 Praeter
1077 397 1159 429 vitae
1182 397 1326 427 meritum

969 444 1132 483 dotemque
1156 443 1301 475 virtutum

921 490 1013 521 Hunc
1037 490 1119 521 omni
1143 489 1274 520 scientia

965 536 1089 568 noveris
1112 535 1272 567 imbutum.

922 602 946 634 Ο
972 601 1145 633 sanctitatis
1168 600 1325 639 speculum

968 650 1000 678 et
1022 648 1122 687 gloria
1147 647 1317 685 doctorum,

922 694 1104 726 Consolator
1127 701 1309 734 pauperum,

966 743 1057 779 pater
1081 740 1309 780 monachorum,

922 787 980 825 Qui
1003 787 1157 817 interesse
1177 785 1291 817 meruit

967 833 1068 863 choris
1093 832 1280 871 angelorum,

919 879 1083 910 Institutor
1106 878 1158 909 hic
1182 881 1230 908 est
1249 886 1378 919 morum,

922 925 1002 956 Vera
1028 933 1137 955 norma
1159 923 1379 962 perfectorum.

919 990 942 1021 O
968 989 1068 1020 virum
1094 989 1297 1027 apostolicum

962 1035 1055 1066 laude
1078 1033 1328 1073 praeferendum,

920 1082 1076 1120 Quemque
1101 1080 1184 1112 vitae
1208 1081 1356 1111 sanctitas

965 1126 1040 1158 fecit
1064 1127 1278 1166 reverendum,

917 1173 1010 1205 Hunc
1032 1182 1196 1212 precamur
1220 1173 1354 1204 iudicem

961 1220 1051 1251 nobis
1078 1219 1322 1251 demulcendum.

912 1266 989 1297 Eius
1015 1266 1168 1305 sapientia

961 1312 1106 1344 Ecclesia
1130 1311 1268 1354 fulcitur,

916 1358 979 1390 Sed
1004 1358 1095 1390 modo
1119 1358 1297 1397 praesentia

964 1405 1090 1437 Caelum
1115 1404 1288 1436 redimitur.

916 1469 1110 1501 Praemiatur
1134 1469 1228 1501 hodie

962 1515 1040 1547 fides
1060 1515 1274 1555 Mardochaei,

917 1561 992 1594 Cum
1019 1562 1128 1593 doctor
1152 1562 1291 1601 egregius

959 1608 993 1639 in
1018 1610 1185 1648 conspectu
1208 1608 1267 1639 Dei

913 1655 1078 1686 Adductus
1101 1654 1249 1686 inseritur

960 1704 1137 1732 sanctorum
1162 1701 1251 1733 aciei.

912 1747 1094 1779 Affe1untur
1117 1756 1200 1779 nunc
1223 1748 1351 1778 annales

913 1795 989 1827 Veri
1013 1795 1095 1834 regis
1121 1794 1293 1826 aeternales

911 1840 956 1873 Ut
980 1841 1059 1872 ditet
1083 1842 1280 1880 Ieronymum

913 1887 981 1919 Rex
1005 1888 1039 1919 in
1063 1890 1256 1928 perpetuum.

971 2028 1017 2059 In
1041 2028 1071 2060 3.
1097 2026 1325 2067 Nocturno.

1045 2128 1090 2156 Ad
1113 2128 1240 2156 Cantica.

912 2204 948 2235 In
973 2206 1133 2236 aeternum
1157 2205 1309 2238 Dominus

960 2251 1052 2291 digne
1077 2252 1235 2291 exaltavit,

914 2297 1010 2336 Quem
1035 2301 1141 2331 tantae
1164 2300 1338 2339 sapientiae

958 2354 1085 2377 munere
1108 2346 1236 2380 dotavit.

1246 2399 1287 2428 7*
