1650 2542
318 216 362 247 Et
384 220 525 255 potatum
551 219 714 250 collocavit

363 264 400 294 In
424 264 548 295 caelesti
573 266 682 304 gloria.

260 318 290 349 3.
314 318 405 349 Hanc
426 319 557 350 redemit
579 319 733 359 Elisaeus,

312 363 376 400 Quo
401 365 533 403 respirat
559 365 656 395 omnis
681 374 765 405 reus,

313 408 444 440 Demum
473 410 556 440 cibat
578 410 745 451 Melibeus,

313 454 355 485 Ut
380 456 502 486 notavit
525 456 737 495 Thimotheus‚

309 502 391 530 Aeta
414 501 498 530 cuius
520 501 674 532 intellexit

313 546 393 577 Olim
417 549 509 586 tecta,
534 549 607 585 post
632 548 758 591 detexit,

359 592 403 622 Ut
423 592 484 622 sint
507 593 539 622 in
562 595 720 626 memoria.

313 647 395 677 Pane
420 647 495 676 caeli
520 651 662 679 recreata

309 693 401 723 Panis
428 693 489 723 vivi
515 701 587 724 vere
610 698 694 733 nata,

308 738 384 769 Esto
408 738 507 774 nobis,
533 740 619 778 virgo
644 744 742 783 grata,

353 784 468 823 Egenis
493 784 656 825 suffragi03

308 829 400 860 Salva
424 839 523 865 sanos,
549 840 658 870 aegros
682 842 759 864 sana

307 876 510 914 Mitigandum
538 886 642 908 verum
668 888 749 917 pana

355 922 474 953 Dedisti
500 922 670 963 naufragio.

761 859 768 874 ²

393 1015 436 1046 In
463 1015 685 1047 Laudibus.

415 1079 508 1113 Super
526 1065 665 1107 Psalmos.

304 1133 397 1172 Virgo
422 1135 628 1178 triumphalis,

350 1179 464 1211 Christi
492 1182 605 1213 dilecta
629 1185 756 1223 sodalis,

302 1225 361 1255 §m
392 1225 505 1268 refove,
532 1230 622 1266 pravi

349 1273 457 1304 ultima
480 1277 567 1313 terge
589 1277 671 1309 mali.

415 1345 460 1371 Ad
479 1347 659 1375 Benedictus.

305 1401 412 1440 Virgo²
440 1403 533 1434 decor
554 1405 713 1445 puellaris,

303 1448 386 1484 Quae
411 1456 476 1478 oum
504 1449 568 1480 Deo
592 1451 736 1489 gloriaris

348 1493 445 1524 Nobis
469 1495 511 1525 sis
535 1497 716 1538 antidotum,

301 1538 353 1569 Sic
377 1540 423 1570 vis
450 1541 542 1580 degat
566 1546 757 1584 temporalis,

302 1584 343 1615 Ut
368 1593 515 1624 perennet
543 1590 692 1627 spiritalis

347 1631 473 1663 Rectam
487 1635 641 1672 praebens
654 1638 840 1670 methodum.

414 1724 438 1754 P
446 1732 462 1753 ο
472 1734 488 1754 r
511 1725 542 1755 H
553 1735 570 1756 ο
580 1736 596 1756 r
605 1739 624 1756 a
632 1736 657 1758 s.

436 1787 481 1812 Ad
500 1787 635 1815 Primam.

231 1841 270 1872 A.
301 1840 353 1871 Sol
378 1842 530 1873 inclinans
554 1845 658 1876 radios

346 1888 454 1918 obvius
480 1889 649 1930 descendit,

309 1950 391 1976 Brev.
420 1959 471 1977 ms.
498 1952 661 1981 Cistereien.
689 1957 779 1985 Italic.
805 1968 878 1987 saec„

231 1984 295 2013 343.
328 1987 362 2013 A.

394 2002 431 2006 -
460 1988 538 2015 Offio.
569 1999 619 2017 ms.
655 1993 822 2023 Florentiua

231 2023 355 2050 XXXVI
376 2023 420 2050 75.
441 2025 473 2050 B.
493 2041 529 2044 ——
549 2027 587 2053 In
609 2027 633 2055 1.
653 2030 752 2066 Vesp.
773 2033 791 2058 Α
812 2032 856 2066 2,1
876 2037 970 2065 Mater
990 2040 1093 2068 cadens
1112 2043 1146 2069 A.

231 2061 414 2093 monastisch,
436 2060 452 2087 5
473 2060 519 2087 ΑΑ
540 2071 625 2099 super
644 2067 691 2093 Ps.
729 2069 878 2098 Zwisehen
898 2072 919 2099 Α
941 2073 958 2101 2
976 2078 1035 2103 und
1056 2076 1073 2105 3
1093 2080 1206 2108 schiebt

857 127 924 162 288
973 150 1018 154 —

986 224 1067 256 Dum
1091 226 1169 258 haec
1191 229 1285 261 stella
1307 229 1419 260 solium

1032 273 1179 304 caelicum
1205 276 1355 309 ascendit.

1121 374 1166 400 Ad
1185 375 1320 402 Tertiam.

909 445 949 477 A.
979 446 1049 477 Hae
1074 453 1215 480 consorte
1239 451 1397 487 plauserat

1027 495 1207 532 angelorum
1235 496 1356 529 chorus,

978 538 1069 570 Luxu
1094 541 1206 571 stellae
1230 540 1363 571 fulserat

1025 594 1227 624 supernorum
1253 586 1371 617 thorus,

1117 695 1160 720 Ad
1181 694 1306 721 Sextam.

905 777 943 806 A.
970 777 1085 817 Pange,
1112 779 1227 818 lingua,
1253 779 1409 810 modicum
1449 792 1452 795 ·

1020 825 1232 862 supplicantes
1259 826 1344 867 doce,

974 868 1018 899 Ut
1040 874 1172 907 paterna
1196 872 1332 902 volucris

1019 915 1099 945 hanc
1125 918 1247 948 vocavit
1272 926 1359 949 voce.

1118 1016 1163 1042 Ad
1182 1017 1210 1043 N
1211 1026 1304 1044 onam.

900 1088 940 1120 A.
972 1088 1015 1119 Ut
1038 1088 1181 1122 fruamur
1204 1093 1335 1132 virginis

1017 1137 1167 1175 speciosis
1195 1140 1292 1178 genis,

972 1181 1154 1214 Collaudate
1179 1181 1298 1227 [pueri]

1015 1227 1182 1260 Dominum
1210 1232 1248 1262 de
1274 1234 1379 1265 caelis,

1038 1385 1082 1416 In
1110 1389 1141 1418 2.
1166 1389 1275 1428 Vesp
1287 1392 1381 1425 eris,

1087 1488 1130 1514 Ad
1150 1489 1328 1525 Magnifieat.

901 1577 937 1608 V.
966 1578 1172 1612 Lauclabilem
1196 1583 1364 1616 Dominum

1016 1626 1128 1657 Omnes
1152 1629 1184 1659 in
1210 1630 1269 1660 hoc
1293 1630 1374 1663 festo

970 1671 1093 1703 Summo
1120 1675 1223 1706 cordis
1247 1677 1344 1709 iubilo

1013 1717 1110 1748 Laete
1135 1721 1357 1765 collaudemus,

968 1762 1056 1793 Haec
1082 1768 1130 1795 est.
1153 1768 1233 1797 enim
1257 1771 1364 1808 puella
1388 1774 1513 1815 nobilis,

1014 1809 1148 1842 Caelesti
1172 1815 1239 1853 regi
1265 1816 1456 1857 desponsata

965 1854 1009 1885 Et
1031 1856 1064 1887 in
1089 1859 1165 1890 sede
1189 1861 1307 1899 gloriae

1011 1903 1041 1932 A
1067 1904 1186 1936 dextris
1212 1909 1373 1945 collocata.

907 1961 948 1990 15.
989 1966 1057 1992 (ὀ(1-
1084 1967 1224 1997 Oxonien.
1250 1973 1374 2002 Miseell.
1401 1977 1513 2012 Liturg.

849 2006 922 2025 saec.
956 1999 999 2028 16.
1049 2005 1117 2031 Cod.
1148 2006 1307 2036 Florentin.
1339 2013 1513 2048 Magliabec.

1223 2046 1247 2072 B
1268 2046 1327 2090 hat.
1347 2051 1413 2077 weil
1433 2054 1515 2080 nieht

1225 2091 1255 2109 es
1276 2093 1338 2110 ein:

509 2110 641 2138 Solamen
663 2115 774 2142 mundis
795 2117 955 2148 immundos
974 2125 1064 2150 traxit
1082 2125 1118 2151 ab
1141 2127 1234 2160 undiS‚

508 2145 585 2178 Quos
607 2149 680 2176 aluit
698 2159 802 2185 sponso
824 2155 934 2183 caelibe
954 2167 1060 2193 sponsa
1079 2162 1153 2188 cibo.

230 2189 275 2215 Ac]
287 2190 384 2224 Magn.
400 2189 430 2222 Α,
445 2189 460 2216 1
473 2191 554 2218 Lies:
575 2193 681 2221 Sancta
695 2198 737 2223 vir

231 2226 249 2251 Α
270 2224 296 2258 2,
316 2224 334 2252 2
353 2226 427 2261 lapis
448 2229 600 2266 crystallus
616 2231 648 2257 B.
724 2233 745 2259 Α
767 2233 792 2268 2,
808 2234 825 2262 3

231 2263 330 2290 Silben
351 2265 407 2290 AB.
430 2279 465 2282 —
489 2267 509 2289 Α
530 2266 556 2297 ὅ,
577 2266 594 2294 3
620 2268 722 2296 Posuit
744 2271 794 2298 lux
813 2274 837 2299 A

840 2294 846 2299 .
866 2289 902 2294 —
922 2276 944 2301 Α
963 2277 990 2309 4,
1010 2278 1030 2305 4
1049 2280 1173 2308 truditur
1195 2282 1224 2308 B.

230 2301 264 2327 A.
285 2315 317 2319 —
341 2301 362 2326 Α
386 2301 409 2334 6,
431 2299 448 2329 3
468 2302 512 2329 Ne
530 2306 625 2338 poscit
641 2306 680 2337 A;
700 2308 744 2334 Ne
763 2312 855 2343 possit
873 2313 904 2338 Β.
926 2329 961 2334 —
982 2313 1003 2339 Α
1020 2314 1045 2348 6,
1061 2315 1080 2342 4
1098 2318 1197 2344 vivere
1215 2320 1288 2348 fehlt

738 2206 774 2232 go
787 2200 965 2235 Margarita?
978 2219 1015 2223 —
1034 2207 1074 2233 Iu
1091 2205 1114 2233 1.
1128 2208 1229 2236 Noet.
1243 2209 1264 2234 Α
1281 2211 1304 2245 1,
1320 2212 1338 2239 2
1350 2215 1423 2245 fehlt
1431 2219 1463 2247 A.
1477 2236 1510 2240 -—

846 2238 963 2267 Gemma
984 2241 1087 2269 decens
1104 2244 1135 2270 B.
1153 2259 1189 2263 —
1210 2244 1230 2270 Α
1248 2245 1274 2280 3,
1292 2248 1310 2275 2
1329 2252 1425 2282 fohlen
1440 2261 1511 2287 zwei

1301 2287 1323 2312 Α
1345 2288 1371 2323 5,
1392 2290 1409 2319 3
1429 2294 1515 2323 Vidit

1305 2325 1339 2351 A.
1357 2341 1393 2346 —
1416 2328 1435 2355 Β
1454 2331 1510 2366 1,3

232 2338 381 2365 columbae
400 2339 523 2366 laureati
542 2342 576 2367 A.
597 2356 633 2360 ——
654 2340 674 2367 Β
695 2342 719 2377 1,
738 2343 758 2371 4
775 2346 911 2382 Delegari
930 2351 989 2377 AB.
1011 2366 1043 2370 —
1066 2350 1087 2377 Β
1110 2351 1133 2386 1,
1148 2351 1166 2380 8
1186 2355 1342 2391 Baptizati.
1358 2378 1395 2383 —
1416 2364 1437 2392 Β
1453 2366 1480 2403 3,
1493 2369 1511 2396 2
