1650 2542
708 114 953 150 —173-

321 200 368 231 In
395 203 425 233 2.
453 203 678 242 Nocturno,

403 284 594 321 Antiphonae.

202 347 235 378 1.
261 348 425 382 Abraham
452 352 506 384 hic
528 354 669 388 imitatur

306 395 347 427 Se
373 398 510 431 dicando
533 400 666 434 Domino

258 441 304 473 Et
327 443 419 475 Isaac
443 448 617 478 aemulatur

305 488 431 522 Labore
455 492 641 532 longanimo.

202 554 233 585 2.
261 554 361 586 Israel
387 560 434 587 est
459 558 568 590 videns
593 563 683 599 pater

302 601 430 634 Intuens
459 604 611 646 absentia,

255 645 384 685 Futura,
410 652 582 688 praeterita

306 693 434 726 Glarere
456 695 617 737 fulgentia.

198 757 230 788 3.
258 758 484 798 Supplantator
508 763 652 795 vitiorum

301 805 395 837 Iacob
422 807 474 838 hic
498 807 634 841 efficitur

252 850 297 881 Et
324 852 438 891 Ioseph
461 855 540 885 nulli
568 860 722 888 castorum

301 897 425 929 Morum
450 900 512 931 iam
537 902 714 942 ambigitur.

193 961 225 993 4.
253 962 368 993 Panem
397 964 474 995 caeli
498 967 715 1005 prophetalem

298 1008 473 1041 Manducat
497 1020 566 1042 cum
591 1012 742 1046 fratribus

250 1053 294 1084 Et
317 1054 442 1087 Heliam
467 1057 617 1090 imitalem

297 1100 379 1132 Eum
403 1101 480 1134 facit
503 1106 640 1144 angelus,

192 1165 223 1195 5.
249 1164 422 1198 Elementis
449 1168 602 1200 dominari

294 1212 433 1244 Probant
456 1215 621 1258 mirabilia,

248 1257 358 1299 Terra,
383 1263 508 1300 pontus,
534 1262 652 1302 aether,
675 1264 756 1303 ignis

295 1304 396 1336 Huius
419 1307 519 1345 patris
543 1309 654 1348 gratia.

187 1368 218 1400 6.
244 1366 327 1399 Fere
351 1374 479 1413 martyr,
512 1373 630 1415 doctor,
657 1376 743 1415 virgo

293 1415 388 1447 Pater
411 1417 472 1448 iste
496 1419 633 1451 cernitur

246 1460 289 1491 Et
314 1465 494 1494 cunctorum
517 1465 678 1498 beatorum

290 1508 442 1540 Praemiis
468 1512 636 1546 extollitur.

379 1592 581 1627 Responsoria.

186 1646 216 1678 1.
243 1646 373 1687 Plaude,
398 1649 489 1680 turba
511 1652 685 1695 parcitatis,

289 1694 390 1726 Tanto
417 1696 515 1728 ditata
536 1706 673 1739 munere,

239 1740 365 1772 Laudes
391 1740 489 1773 funde
512 1744 668 1784 largitatis

288 1787 384 1819 Sacro
411 1788 575 1828 depressas
599 1792 706 1833 ubere,

172 1832 209 1864 V.
242 1833 288 1864 Te
311 1834 436 1865 cibante
459 1845 581 1875 gregem
608 1846 749 1871 sanctum

284 1880 422 1919 Mystico
447 1883 624 1920 spiramine.

181 1945 212 1977 2.
238 1945 346 1976 Aaron
372 1946 460 1986 virga
484 1945 613 1979 frondet
635 1947 722 1990 flore,

237 1992 343 2031 Fagus
368 1993 468 2031 patris
495 2002 563 2026 cum
590 1996 702 2028 decore

234 2038 279 2069 Et
304 2038 359 2070 dat
380 2038 515 2071 fructum
542 2050 609 2073 cum
635 2043 740 2087 odore,

164 2084 202 2117 V.
235 2085 315 2116 Nam
341 2086 473 2118 virtutes
498 2091 656 2128 operatur,

235 2131 310 2170 Quis
333 2133 478 2172 popellus
504 2138 671 2169 recreatur.

175 2197 205 2229 3.
231 2196 402 2236 Tamquam
414 2199 531 2239 Ioseph
545 2201 600 2233 dat
611 2200 779 2243 frumenta,

233 2243 367 2275 Sanctus
391 2248 484 2284 pater
507 2249 707 2290 monimenta,

232 2289 296 2321 Sed
321 2299 383 2322 non
409 2291 514 2325 deficit
537 2299 678 2327 sementa

282 2337 362 2369 Prae
388 2338 538 2374 immensa
563 2343 711 2384 caritate3

864 212 900 242 V.
930 212 1091 244 Imitemur
1113 214 1305 256 documenta,

978 259 1023 291 Ut
1046 260 1196 291 laetemur
1219 264 1328 292 sancta
1351 270 1437 301 pace.

877 325 907 355 4.
936 324 1017 355 Dum
1041 326 1195 364 perquirit
1218 326 1379 363 vilitatem,

934 370 1093 409 Conspicit
1117 372 1321 411 divinitatem,

933 416 1167 456 Contemplatur
1189 419 1358 449 trinitatem

979 464 1091 495 Fretus
1119 464 1166 495 sic
1188 465 1221 495 in
1244 464 1359 507 iubilo3

864 508 900 541 V.
930 509 982 540 Sic
1005 513 1172 549 sequantur
1196 511 1261 542 nati
1286 514 1417 551 patrem,

981 556 1134 594 Quantum
1161 557 1215 588 dat
1237 558 1411 596 permissio.

990 695 1036 726 In
1061 696 1092 726 3.
1119 695 1341 730 Nocturno.

1064 776 1109 803 Ad
1133 777 1259 805 Cantica.

859 841 898 872 A.
929 841 1042 873 Cantet
1067 843 1167 874 clerus
1190 845 1381 876 melodizans

969 888 1013 919 Et
1037 889 1113 920 ordo
1138 891 1335 930 monasticus,

926 933 1033 965 Ploret
1058 935 1186 967 daemon
1213 937 1360 969 eiulizans

970 979 1099 1019 Stetque
1120 982 1166 1012 sic
1189 984 1375 1020 perterritus

1016 1026 1046 1057 A
1071 1027 1230 1066 religione.

1058 1110 1262 1144 Responsoria.

861 1172 891 1204 1.
917 1173 1010 1212 Aqua
1033 1175 1166 1207 mundus
1193 1177 1357 1209 delebatur

963 1220 1000 1251 In
1025 1220 1093 1252 Noe
1116 1222 1242 1263 diluvio,

918 1268 1024 1299 Aedes
1050 1267 1132 1300 fasta
1154 1270 1361 1309 quassabatur

964 1314 1113 1346 Iohannis
1137 1316 1279 1356 imperio,

848 1359 884 1389 V.
916 1360 1021 1399 Atque
1044 1361 1145 1393 imber
1168 1363 1370 1402 grassabatur

964 1407 1040 1439 Cum
1064 1408 1143 1439 miro
1168 1410 1322 1449 prodigio.

857 1471 889 1501 2.
913 1470 1014 1503 Lucta
1037 1474 1170 1512 mystica
1192 1475 1286 1506 Iacob
1311 1474 1371 1506 fuit

963 1518 1078 1551 Sancta
1103 1522 1332 1562 contemplatio,

916 1564 1012 1602 Quem
1038 1575 1056 1596 a
1080 1575 1172 1598 sensu
1196 1571 1270 1600 tunc
1294 1569 1434 1607 privavit

960 1611 1043 1643 Diva
1066 1612 1252 1653 benedictio,

844 1655 882 1689 V.
913 1657 975 1688 Sed
1000 1658 1139 1690 Iohanne
1163 1663 1328 1700 reparatur

959 1704 1087 1736 Brachii
1109 1707 1249 1740 siccatio.

856 1769 887 1800 3.
912 1770 998 1800 Arca
1021 1770 1098 1810 legis
1124 1772 1152 1803 si
1175 1775 1331 1813 tangatur,

957 1816 1045 1848 Nulli
1068 1827 1151 1850 mors
1177 1819 1330 1861 effugitur,

912 1862 988 1894 Cum
1014 1864 1065 1895 hic
1087 1868 1179 1904 pater
1201 1867 1361 1908 adoratur,

956 1909 1074 1941 Mentis
1098 1913 1182 1943 salus
1206 1914 1367 1955 redditur;

843 1955 877 1985 V.
908 1955 1033 1986 Perduc
1062 1966 1119 1989 nos
1150 1959 1192 1990 ad
1215 1968 1367 1993 summum
1391 1966 1455 1994 sta-

1230 2010 1305 2047 tum,

956 2049 993 2080 In
1019 2058 1078 2088 quo
1103 2051 1189 2083 Deus
1214 2052 1339 2087 fruitur.

850 2114 881 2146 4.
907 2114 1023 2146 Adhuc
1048 2117 1201 2149 exsistens
1225 2119 1258 2150 in
1284 2128 1377 2151 carne

955 2162 1049 2194 Pater
1073 2162 1108 2194 fit
1135 2165 1314 2205 exstaticus,

906 2207 1060 2247 Angelum
1082 2210 1170 2242 videt
1194 2214 1225 2243 et
1249 2221 1341 2244 sensu

953 2255 996 2287 Et
1020 2257 1066 2287 sic
1089 2257 1127 2289 fit
1149 2258 1373 2301 hierarchicus,

835 2301 874 2333 V.
905 2302 963 2341 Qui
989 2303 1134 2343 deportet
1158 2305 1190 2337 in
1214 2315 1359 2347 superno,

951 2349 1049 2383 Actus
1076 2355 1123 2383 est
1145 2352 1305 2387 mirificus.
