1650 2542
351 210 397 241 In
424 209 650 242 Laudibus.

402 283 422 309 A
427 282 592 317 ntiphonae.

208 338 238 369 1.
266 337 382 377 Legem
408 339 512 370 hausit
536 340 629 371 avide

310 385 408 417 Flore
431 385 609 424 iuventutis,

266 430 344 463 Inde
368 432 475 462 multis
502 433 635 470 provide

312 477 425 509 Potum
451 478 529 509 dans
554 479 673 512 salutis..

208 534 239 565 2.
266 533 380 571 Spreto
405 533 470 564 solo
496 534 619 572 patriae

312 579 390 610 Exit
413 580 594 619 inspiratus,

265 626 318 657 Ad
341 626 472 657 salutem
496 625 626 658 Sueciae

313 672 450 704 Caelitus
475 675 612 704 vocatus.

208 729 239 761 3.
265 728 359 759 quta
383 731 489 759 votum
515 729 649 759 omnium

311 774 442 805 Praesui
468 774 663 808 sublimatus.

264 820 325 851 Est
348 819 381 850 in
405 820 507 851 virum
531 821 624 851 alium

313 866 423 897 Subito
446 869 592 898 mutatus.

205 925 237 955 4.
264 921 442 959 Principem
465 930 526 952 non
553 921 654 952 timuit

311 966 407 998 Sacer
431 967 482 998 hic
502 967 590 998 Elias

264 1013 331 1044 Nec
362 1013 474 1044 timens
500 1013 639 1044 deseruit

312 1059 427 1091 Sacrae
450 1059 528 1099 legis
551 1059 629 1093 vias.

208 1117 238 1147 5.
264 1115 496 1147 Exstinxerunt
519 1115 607 1155 impii

308 1161 428 1193 Lumen
453 1164 515 1192 tam
540 1162 750 1201 praeclarum,

261 1208 340 1246 Quia
364 1208 466 1239 lucem
490 1206 548 1239 filii

308 1254 466 1294 Spernunt
490 1254 697 1286 tenebrarum.

283 1318 367 1345 Brev.
389 1318 583 1353 Strenguense
610 1320 677 1354 imp.
699 1320 834 1346 I-Iolmiae
865 1319 944 1347 1495.

815 116 950 151 15—

1054 219 1098 247 Ad
1118 219 1298 246 Benedictus.

866 296 904 327 A.
937 295 960 327 O
983 295 1108 333 praesul
1133 294 1307 330 mitissime,

982 340 1108 371 Patriae
1132 342 1269 379 lucerna,

936 386 1004 418 Lux
1031 387 1164 419 errantis
1190 387 1320 424 animae,

983 433 1099 464 Devios
1124 433 1272 473 guberna,

935 480 1056 511 Ductor
1075 480 1178 519 gregis
1203 480 1328 518 optimc,

981 526 1047 557 Nos
1075 526 1135 557 duc
1158 526 1198 557 ad
1224 535 1370 565 superna.

936 572 998 604 Ubi
1020 575 1127 611 pascet
1151 572 1260 603 intime

981 618 1113 657 Gregem
1136 619 1189 650 lux
1216 621 1353 649 aeterna.

997 758 1042 789 In
1069 759 1099 790 2.
1125 757 1326 798 Vesperit

1048 859 1093 885 Ad
1111 859 1141 885 M
1145 858 1288 893 agnificat.

863 934 891 963 A
935 933 1022 969 Vale,
1048 935 1139 971 pater
1167 934 1299 972 patriae,

979 978 1072 1010 Fidei
1096 979 1224 1017 zelator,

934 1024 1025 1056 Ritus
1049 1025 1217 1056 idolatriae

981 1070 1074 1102 Felix
1097 1072 1306 1111 triumphator

937 1117 1060 1148 Nobilis
1085 1118 1236 1149 ecclesiae

981 1163 1100 1196 Doctor
1125 1167 1157 1195 et
1181 1163 1340 1204 fundator,

933 1210 1018 1241 Tuae
1042 1211 1085 1241 sis
1110 1210 1250 1242 familiae

979 1256 1087 1288 Dulcis
1116 1258 1300 1290 consolator.

1031 1321 1067 1347 In
1095 1320 1116 1348 1.
1138 1322 1224 1356 Vcsp.
1245 1322 1356 1356 hymnus
1375 1342 1380 1347 .
1411 1322 1472 1348 Iam

192 1355 253 1382 diez
269 1355 351 1382 adest
363 1356 483 1382 celebris
496 1354 671 1392 (Klemming
684 1357 707 1389 Ι,
724 1355 799 1387 104);
816 1358 852 1384 ad
866 1359 963 1384 Noctu.
980 1357 1088 1385 Eskilli
1102 1367 1153 1393 pro
1168 1360 1292 1386 victoria
1303 1359 1380 1389 (ibid.
1395 1358 1472 1393 105),

192 1392 227 1418 ad
249 1393 374 1420 Laudes:
405 1393 450 1419 Ad
475 1393 589 1420 laudem
615 1395 708 1420 sancti
728 1395 869 1428 praesuliS
889 1394 968 1427 (ibid.
992 1393 1064 1429 111).

1104 1397 1238 1430 llymncn
1261 1396 1320 1423 und
1341 1396 1471 1423 osfisium

192 1430 256 1456 sind
275 1438 332 1456 von
352 1430 593 1465 Brynciphus
612 1431 641 1465 Ι,
667 1431 786 1458 Bischof
802 1440 860 1458 von
880 1432 969 1459 Scara
986 1430 1209 1468 (1278--1317)7.
1237 1433 1285 1460 cfr.
1306 1434 1471 1469 Klemming

189 1466 209 1493 1.
228 1474 252 1493 α.
275 1465 342 1501 112³
363 1467 437 1493 Acta
456 1466 507 1494 ss.
528 1468 596 1495 reb.
615 1468 638 1501 1,
659 1466 722 1495 935.

618 1577 645 1606 2.
683 1577 725 1607 De
744 1578 848 1608 sancto
867 1577 1041 1610 Eustachio.

334 1645 377 1676 In
406 1646 432 1678 1.
462 1646 668 1685 vesperis.

399 1728 591 1763 Antiphonae.

204 1795 235 1826 1.
264 1793 380 1825 Caesar
406 1794 479 1826 dum
503 1795 666 1835 Traianus,

260 1841 406 1879 Quamvis
431 1844 506 1872 tunc
529 1851 678 1882 paganus,

261 1887 467 1919 Monarchiae
491 1889 689 1928 praesideret

261 1933 305 1965 Et
329 1942 395 1965 rem
421 1934 579 1973 publicam
603 1939 739 1978 augeret,

203 2001 235 2032 2.
262 1999 337 2031 Tiro
362 1999 466 2031 fidelis
492 2001 641 2033 Placidus

309 2046 362 2078 Illi
386 2047 543 2087 militavit,

261 2093 413 2125 Strenuus
439 2097 471 2126 et
493 2094 602 2128 acidus

305 2140 415 2180 Regna
439 2141 642 2180 dispensavit.

203 2207 235 2239 3.
261 2205 359 2237 Totus
383 2205 415 2236 in
441 2206 609 2237 virtutibus

309 2252 458 2284 Placidus
476 2253 623 2293 nutritus,

262 2299 490 2338 Triumphandi
515 2300 641 2332 nutibus

306 2346 446 2379 Maxime
469 2347 600 2387 perituS.

873 1649 903 1679 4.
931 1647 1079 1680 Caritatis
1105 1649 1203 1680 oculis

976 1695 1094 1726 caelum
1120 1694 1311 1738 pertraiecit,

930 1741 1072 1780 Dapibus
1097 1746 1129 1773 et
1151 1744 1273 1781 poculis

977 1789 1135 1828 Pauperes
1159 1788 1281 1822 refecit.

874 1874 904 1905 5.
930 1873 981 1905 Ex
1005 1874 1114 1913 gentili
1138 1874 1284 1913 largitate

977 1918 1118 1951 Effluent.
1142 1921 1279 1964 encenia,

927 1966 1011 2005 Quae
1040 1965 1165 1998 favente
1190 1968 1307 2000 deitate

977 2013 1100 2045 Intrant
1125 2015 1204 2045 caeli
1228 2016 1359 2049 moenia.

1049 2134 1093 2161 Ad
1114 2135 1290 2172 Magnificat.

861 2208 901 2240 A.
930 2209 1050 2248 Rupcm
1074 2219 1183 2243 cervus
1209 2213 1281 2244 dum
1306 2213 1458 2253 ascendit,

931 2256 1127 2290 Retiaculum
1151 2259 1295 2302 tetendit,

932 2303 1094 2336 Placidum
1120 2314 1179 2345 quo
1205 2307 1444 2346 comprehendit

979 2351 1049 2383 Tali
1077 2352 1134 2384 sub
1160 2354 1301 2387 oraculo:
