1650 2542
660 136 913 171 —127—

596 224 644 255 43.
675 226 717 257 De
736 228 840 260 sancto
860 229 974 261 Iacobo.

283 275 328 305 In
355 277 385 309 1.
413 279 624 319 vesperis.

333 339 426 375 Super
443 343 583 373 Psalmos.

144 383 183 415 A.
214 384 339 417 Donata
364 388 514 422 beneficia

214 431 396 465 Colentibus
424 437 587 470 sollemnia

260 479 366 511 Iacobi
391 483 519 515 maioris

210 524 379 558 Pensemus
406 536 471 559 cum
501 531 621 564 laetitia

212 570 380 604 Psallendo
405 575 533 607 laudum
559 580 696 612 carmina

260 617 369 650 Nostri
394 622 611 662 redemptoris.

325 683 370 710 Ad
389 684 565 720 Magnificat.

136 726 179 758 A.
209 728 446 768 Magnificemus
470 733 647 778 Dominum,

213 775 271 813 Qui
295 777 484 816 piscatorem
509 781 664 815 hominum

253 822 401 855 Iacobum
426 829 573 870 respexit,

208 866 390 901 Sanctorum
417 881 507 910 quem
532 876 680 914 tripudiis

207 914 282 946 Cum
308 917 487 955 angelorum
511 922 633 958 gaudiis

252 961 447 995 Caelestibus
472 967 610 1002 adnexit.

263 1045 323 1076 Ad
348 1045 532 1081 Matutin
546 1060 612 1085 um.

335 1109 546 1140 Invitatorium.

202 1153 371 1187 Iubilemus
393 1162 466 1190 nato
486 1160 548 1192 Dei

252 1200 394 1234 Laudum
418 1214 476 1243 per
499 1210 676 1252 praeconia,

200 1246 389 1281 Venerantes
413 1251 568 1284 Zebedaei

241 1293 317 1325 Filii
340 1297 511 1330 sollemnia.

261 1387 306 1418 In
334 1388 362 1420 1.
389 1389 612 1426 Nocturno.

338 1452 531 1488 Antiphonae.

143 1496 173 1528 1.
201 1497 361 1531 Enarrent
387 1502 463 1532 caeli
488 1504 618 1542 gloriam

200 1543 246 1575 Ob
272 1544 378 1577 Iacobi
403 1548 565 1581 victoriam

199 1590 311 1629 Verbo,
338 1594 421 1631 quod
447 1595 498 1626 hic
522 1600 682 1642 eructavit,

199 1637 264 1675 Quo
289 1640 460 1678 prophetas
487 1643 666 1680 declaravit.

136 1692 166 1722 2.
192 1692 230 1724 In
253 1693 386 1726 Domino
410 1697 592 1732 laudabitur

190 1739 384 1781 Mansuetus,
410 1744 461 1782 qui
487 1745 655 1780 laetabitur

193 1785 299 1817 Iacobi
323 1788 474 1829 doctrina,

192 1831 251 1862 Per
275 1842 366 1871 quam
388 1844 408 1866 a
432 1837 521 1869 ruina

191 1878 318 1909 Diaboli
342 1880 537 1915 liberabitur.

137 1934 166 1965 3.
194 1934 269 1966 Oleo
293 1935 433 1968 laetitiae

190 1980 340 2013 Perunxit
370 1991 438 2015 eum
463 1985 557 2018 hodie

234 2027 330 2068 Deus,
354 2039 428 2061 nam
453 2031 566 2064 dilexit

187 2074 351 2106 Dominum
377 2077 525 2119 iustitiae,

186 2120 300 2153 Servos
325 2123 376 2161 qui
397 2125 552 2163 perfidiae

230 2167 372 2201 Dicendo
397 2171 527 2205 invexit.

317 2243 519 2279 Responsoria.

126 2298 155 2331 1.
181 2299 254 2330 Iesu
278 2299 395 2331 Christi
419 2300 563 2343 famulus

181 2345 298 2377 Frater
321 2346 480 2392 Iohannis,
504 2351 636 2384 Iacobus

885 291 947 322 Per
970 291 1118 323 Iudaeam
1143 294 1347 332 praedicabat

884 336 927 367 Et
952 345 989 368 ex
1013 339 1177 377 scripturis
1201 339 1377 373 affirmabat

883 382 984 414 Iesum
1007 383 1068 415 Dei
1091 384 1188 416 filium

881 428 963 460 Fore
989 430 1232 470 delinquentium

881 475 1124 515 Redemptorem
1148 481 1293 518 gentium.

842 544 849 551 .
880 521 978 564 Beati,
994 523 1046 561 qui
1059 528 1236 558 scrutantur
1245 527 1420 559 testimonia

879 567 1104 606 Prophetarum
1130 571 1275 604 dicentia.

850 646 856 653 .
884 623 1022 656 Philetus
1047 626 1156 658 videns
1182 629 1302 667 singula

881 669 988 701 Iacobi
1011 672 1161 704 miracula

879 715 1068 756 Hermogeni
1088 720 1251 752 nuntiabat

879 761 980 792 Iesum
1005 762 1074 794 fore
1097 768 1203 797 natum
1227 767 1297 807 Dei,

881 807 1067 840 Crucifixum
1093 820 1183 850 quem
1207 813 1315 845 Iudaei

879 853 1029 893 Turpiter
1052 858 1215 897 necabant,

837 923 843 930 .
875 899 936 931 Per
961 910 1050 940 quem
1075 904 1179 935 lumen
1200 907 1299 937 caecis
1321 908 1417 939 dabat

874 945 920 976 Et
941 946 1079 979 infirmos
1105 950 1156 981 hic
1182 952 1320 992 curabat,

874 991 966 1022 Hunc
990 997 1169 1027 constanter
1195 996 1381 1031 affirmabat.

839 1068 846 1075 .
874 1047 1083 1087 Hermogenes
1108 1051 1186 1082 haec
1209 1054 1339 1086 audiens

874 1093 947 1124 Zelo
970 1094 1128 1127 Philetum
1153 1099 1260 1130 adiens

919 1139 1059 1172 Fortiter
1083 1143 1210 1184 ligabat,

871 1185 959 1223 Quod
984 1187 1114 1220 Iacobus
1138 1192 1314 1230 percipiens

872 1232 901 1262 A
926 1232 1060 1265 vinculis
1086 1236 1220 1275 eripiens

870 1277 1012 1310 Eundem
1040 1284 1071 1311 et
1093 1284 1301 1323 praecipiens.

917 1325 1032 1357 Vincto
1067 1330 1150 1366 quod
1175 1330 1221 1361 sic
1246 1334 1409 1365 cantabat:

832 1396 837 1402 .
870 1369 1019 1403 Dominus
1043 1374 1136 1413 erigit
1159 1376 1262 1416 elisos,

866 1416 910 1447 Et
936 1418 1004 1456 ipse
1028 1420 1122 1451 solvit
1146 1425 1349 1462 compeditos.

924 1511 969 1541 111
994 1512 1025 1544 2.
1051 1512 1108 1544 No
1120 1517 1275 1549 cturno.

1006 1575 1197 1612 Antiphonae.

833 1645 839 1651 .
867 1621 996 1653 Psallite
1020 1625 1096 1664 regi,

911 1669 963 1707 qui
988 1672 1125 1710 respexit

863 1713 1005 1753 Speciem
1028 1718 1132 1757 Iacob,

908 1770 997 1801 quem
1024 1764 1142 1798 dilexit.

828 1842 833 1848 .
859 1818 1028 1851 Pe1manet
1049 1821 1082 1852 in
1106 1828 1273 1863 conspectu
1297 1826 1369 1866 Dei,

860 1865 1030 1897 Veritatem
1055 1877 1188 1908 namque
1212 1870 1287 1903 fidei

862 1910 992 1943 Sanctus
1017 1913 1078 1944 iste
1102 1917 1273 1960 requisivit,

862 1957 922 1988 Per
947 1967 1036 1996 quam
1063 1959 1171 1994 fideles
1196 1965 1370 2003 acquisivit.

825 2036 831 2042 .
858 2012 966 2044 Iudaei
990 2015 1110 2055 linguas
1135 2025 1286 2052 acuerunt

861 2058 977 2091 Contra
1000 2066 1140 2095 sanctum
1167 2066 1372 2110 disputantes,

858 2104 896 2136 In
920 2106 979 2138 hoc
1002 2112 1105 2141 tamen
1132 2111 1315 2147 defecerunt

856 2150 1033 2192 Scripturas
1058 2161 1182 2196 patrum
1199 2166 1398 2199 perscrutan-

1175 2209 1232 2239 tes.

990 2265 1195 2302 Responsoria.

821 2335 828 2343 .
856 2310 1065 2353 Hermogenes
1091 2317 1200 2350 videns
1225 2330 1335 2353 vanam

854 2357 964 2390 Artem
989 2369 1085 2402 suam,
1112 2364 1312 2399 christianam
