1650 2542
755 144 1006 178 —210—

377 244 422 275 In
448 245 480 276 2.
506 240 717 280 vesperis,
977 235 1022 266 Te
1045 234 1189 274 petimus,
1216 236 1247 264 te
1270 232 1442 272 pulsamus,

427 297 472 324 Ad
491 294 667 331 Magnificat.
1024 283 1056 311 te
1080 280 1175 311 corde
1199 287 1353 319 rogamus,

245 342 284 373 A.
314 340 419 379 Virgo,
445 339 537 370 decus
561 337 677 376 mundi,
980 326 1110 358 Gemma
1134 326 1177 357 tui
1204 334 1306 367 sexuS‚

361 386 480 424 species
500 384 584 423 fidei,
610 380 794 421 gemebundi
1025 373 1148 411 peccati
1171 372 1283 403 solvito
1308 379 1417 402 nexus.

317 449 404 482 Antip
406 447 433 473 h.
464 455 515 473 ms.
543 445 731 473 cisterciense
763 451 835 469 saec.
864 440 907 468 14.
948 441 1015 468 Cod.
1041 440 1147 468 Semin.
1175 438 1322 467 Colonian.
1355 437 1400 465 24.
1426 438 1460 465 A.
1487 452 1515 456 —-

246 484 361 519 Antiph.
388 492 438 510 ms.
462 482 649 510 Cisterciense
671 488 744 507 saec.
767 477 809 506 13.
849 479 916 506 Cod.
937 478 1043 505 Semin.
1066 477 1212 505 Colonien.
1235 475 1280 503 22.
1298 476 1362 503 add.
1382 484 1456 503 s.aec
1480 473 1515 501 14

244 522 276 548 Β.
298 535 330 538 -
351 521 390 547 In
410 518 435 546 2.
456 520 556 546 Noct.
578 517 597 544 R
618 517 636 545 4
657 516 813 553 prosaisch.
833 532 869 536 —
888 516 929 542 In
949 513 975 541 2.
995 515 1101 550 Vesp.
1122 514 1214 550 Super
1233 515 1280 541 Ps.
1301 512 1346 539 ΑΑ
1368 513 1458 548 Virgo
1479 520 1521 539 re-

244 559 318 593 galis
337 556 402 583 fidei
422 557 524 583 merito
543 555 675 591 specialis
696 556 748 581 etc.
769 561 832 580 cum
852 553 979 586 reliquis.

656 663 699 693 72.
729 662 772 692 De
792 662 900 692 sancta
918 660 1104 691 Katharina.

382 735 426 766 In
453 734 482 765 1.
509 731 719 771 Vesperis.
979 729 1072 762 Cuius
1097 729 1255 760 mediante
1279 728 1381 767 gratia

977 776 1102 815 Martyr
1127 777 1158 805 et
1182 775 1268 814 virgo
1294 773 1471 805 Katharina

452 805 641 840 Antiphonae.
977 822 1074 853 Facto
1100 822 1236 852 clamore
1258 821 1336 851 hora
1360 820 1512 851 matut-ina

260 862 289 893 1·
315 861 484 913 Remedio-‘ta
506 861 547 892 Sit
565 861 716 913 immensa
977 868 1086 899 Exivit
1109 867 1234 899 obviam
1252 866 1375 898 Christo
1397 875 1522 905 sponso,

360 909 704 958 ΕΘῙΠΡῙῗθΥΠῆ-ῖΥΙ-ΠΠἏΞ»
978 915 1035 952 Qui
1061 914 1151 945 sedet,
1176 922 1271 952 super
1297 912 1474 954 Cherubim,

317 954 411 992 Quam
437 955 581 1005 cognovit
602 955 684 1004 lss'sses
708 954 814 991 gentes
978 961 1097 992 Cuncta
1122 960 1232 991 videns
1255 960 1288 990 in
1313 959 1474 1001 absconso,

364 999 539 1030 Katharma
562 998 712 1037 POsdlssssS,
976 1006 1095 1038 Ferens
1118 1008 1235 1037 sertum
1260 1014 1351 1037 rosae
1376 1008 1407 1036 et
1429 1005 1490 1037 lilii

313 1045 399 1083 Quod
424 1053 482 1075 nec
505 1053 596 1076 sexus
620 1052 677 1075 nec
700 1044 810 1075 aetatis
980 1052 1054 1083 Cum
1078 1052 1237 1091 triumpho
1262 1052 1406 1091 mart-,yffi

362 1091 478 1121 amOVit
497 1089 676 1141 fragffiQSgg
977 1099 1089 1130 Evasit
1111 1099 1211 1129 minas
1235 1101 1406 1141 tortorum3

317 1136 379 1168 Sed
403 1136 519 1167 honore
542 1144 695 1174 passioms
978 1145 1002 1176 0
1028 1145 1120 1176 beata
1143 1144 1241 1186 virgo,
1268 1153 1323 1175 ora-

362 1185 409 1213 θεῖ
431 1191 486 1212 USU
510 1185 681 1221 Vlrglmtas·
977 1191 1095 1230 Iugiter
1119 1199 1176 1229 pro
1204 1190 1342 1221 reatibus

264 1238 294 1268 2.
319 1237 439 1275 Sponsa
464 1236 576 1268 Christi
603 1236 733 1267 celebris
978 1236 1159 1276 Supplicum
1184 1239 1316 1269 tuorum.

366 1282 485 1322 Sponso
509 1283 660 1323 visitatur,

319 1328 424 1359 Posita
447 1329 480 1358 in
503 1328 639 1359 tenebris
1040 1329 1101 1360 Ad
1131 1329 1392 1360 Matutinum.

361 1374 444 1404 Mire
468 1375 676 1413 collustratur,
1169 1403 1175 1408 .
1258 1403 1264 1408 .

317 1420 438 1451 Blande
458 1420 614 1452 Christus:
640 1419 714 1457 filia,
1113 1402 1324 1428 Inmatfflum·

363 1466 448 1497 Pone
471 1469 595 1503 metum,
616 1466 727 1505 inquit,
978 1459 1139 1490 Adoretur
1164 1459 1317 1498 virginum
1343 1467 1398 1489 rex

318 1511 428 1550 Sisque
449 1514 600 1551 constans,
625 1513 725 1551 gratia
1025 1505 1057 1535 in
1080 1506 1272 1537 saeCUIOI'Uffl
1296 1506 1429 1543 saecula,

362 1557 430 1588 Non
455 1561 487 1588 te
512 1558 707 1597 derelinquit.
982 1552 1101 1589 Virgini
1126 1552 1179 1590 qui
1202 1552 1398 1583 Kathasissae

261 1614 291 1645 3.
313 1612 470 1650 Exspecto
494 1621 551 1650 pro
576 1615 608 1643 te
632 1613 778 1652 gladium,
1026 1598 1158 1629 Comum
1182 1598 1340 1631 caeles'da·

316 1659 397 1696 Iesu,
421 1666 477 1688 rex
499 1658 591 1696 bone,
617 1661 650 1689 tu
674 1668 774 1690 meum

317 1704 354 1735 In
377 1703 521 1741 paradiso
547 1704 690 1743 spiritum
1040 1709 1085 1740 In
1112 1709 1142 1740 1,
1167 1709 1392 1741 Nocturno,

322 1748 448 1780 Colloca
468 1749 711 1787 placatissimum

316 1794 359 1825 Et
383 1793 434 1825 fac
456 1795 700 1827 misericordiam
1119 1781 1311 1816 Antiphonae.

319 1840 422 1871 Meam
447 1841 608 1879 agentibus
632 1844 819 1875 memoriam,
927 1837 956 1871 1.
978 1837 1153 1869 Decoretur
1179 1839 1244 1870 dies
1269 1839 1332 1870 ista

263 1897 295 1927 4.
320 1894 401 1926 Dum
425 1895 458 1927 in
479 1899 587 1927 sancta
610 1897 794 1937 Katharina,
1004 1930 1010 1936 ,
1029 1884 1149 1916 devotis
1174 1885 1340 1924 ObfflqffiiS’

364 1942 436 1972 Iesu
460 1942 592 1981 Christe,
619 1943 740 1982 coleris,
980 1930 1032 1961 Sic
1054 1939 1116 1962 vox
1132 1935 1230 1969 sonet,
1255 1936 1292 1962 ut
1306 1941 1394 1963 mens
1413 1933 1525 1964 clamet

318 1987 439 2018 Memor
463 1991 527 2019 esto
554 1989 641 2020 verbi
665 1990 720 2031 tui,
1026 1977 1159 2008 internis
1183 1979 1370 2017 praeconiis,

364 2041 479 2063 momor
503 2036 567 2064 esto
591 2036 737 2075 muneris,
981 2022 1064 2053 Dum
1089 2023 1198 2054 beatae
1222 2024 1418 2056 Katharinae

322 2078 410 2116 Quod
435 2079 535 2110 oranti
559 2081 724 2122 contulisti,
1029 2068 1147 2099 detenti
1169 2070 1349 2110 sonemnfissa

366 2132 437 2162 Spes
458 2124 583 2156 humani
606 2127 737 2164 generis·
982 2114 1161 2145 Promoveri
1184 2113 1360 2154 flagitamus

1029 2160 1094 2190 eius
1118 2162 1311 2199 patrociniis.

436 2195 481 2222 Ad
499 2196 672 2258 magnificat.
923 2214 954 2246 2.
979 2214 1123 2245 Prudens
1145 2215 1232 2255 virgo

251 2251 290 2282 A.
320 2250 403 2281 Voce
428 2252 529 2282 cordls
555 2256 586 2304 et
609 2253 671 2284 oris
1028 2260 1175 2299 lampade
1200 2266 1308 2301 aptata

321 2297 358 2328 In
380 2297 504 2329 laudem
527 2307 574 2329 sm
597 2300 803 2339 redemptoris
982 2306 1119 2338 Intravit,
1142 2316 1210 2338 cum
1235 2319 1348 2349 sponso

322 2343 494 2383 consurgat
517 2345 614 2376 omnis
638 2345 750 2387 fidelis,
1030 2353 1070 2383 ad
1095 2354 1220 2393 nuptias
1245 2357 1431 2389 Katharina.
