1650 2542
666 117 893 155 ,57-

437 213 478 239 Et
496 216 608 250 aceepit
627 215 730 242 stolam
751 215 862 249 gloriae

437 251 474 277 In
494 253 739 279 consummatione
757 253 882 279 virtutis.

381 287 417 314 V.
438 288 536 314 Factus
556 294 592 315 εει
610 291 690 323 quasi
706 290 776 324 iqui:
795 290 923 324 effulgens
943 293 966 315 et
984 290 1062 322 quasi

438 330 480 351 tus
500 327 618 353 redolens
637 328 667 353 in
686 328 774 353 diebus
791 327 905 353 aestati-³.

214 368 249 396 In
273 367 301 397 3.
329 371 415 398 Noet.
446 371 491 398 Ad
519 371 601 399 Cant.
626 371 658 406 Α,
679 371 696 400 6
721 373 802 400 illius
821 373 853 400 B.
880 388 916 392 —
942 370 962 398 R
985 370 1009 406 1,
1031 371 1046 399 1
1066 373 1172 399 Beatus
1197 373 1311 408 praesul
1331 372 1421 400 Gebe-

139 406 245 434 hardus
271 408 304 434 B.
329 422 364 426 —
391 406 410 433 R
439 406 463 442 1,
484 406 502 435 2
530 410 638 436 Divino
666 418 763 437 amore
781 410 816 437 A.
841 425 877 429 —
899 407 919 435 R
940 407 957 435 2
976 410 1047 436 Post
1066 410 1188 437 sedecim
1208 411 1253 437 sui
1273 411 1420 445 regiminis

139 446 193 470 ete.
212 445 244 472 B.
264 458 301 463 —-
322 443 342 471 R
363 443 380 472 3
400 445 498 473 lautet
516 447 546 473 in
566 447 604 473 13:

384 492 418 519 R.
436 493 557 528 Accepit
577 494 622 519 vir
642 495 757 520 sanetus
778 501 796 520 a
814 494 938 520 Domino

438 530 616 557 Potestatem
636 531 668 557 in
686 531 845 565 praeceptis

437 567 618 594 Testimonia
635 568 767 594 veritatis
788 567 889 594 docere
909 568 1038 595 subditos

435 603 476 630 Et
494 606 525 631 in
543 604 608 640 lege
627 605 684 631 Dei
702 604 795 631 lucem
816 604 884 631 dare
903 605 1017 640 populo,

382 641 416 667 V.
438 641 553 668 Addidit
572 643 597 668 ei
613 643 726 676 qlorzam
746 642 877 668 Dominus

437 680 603 705 hereditatem
617 680 695 712 pacis
709 680 844 712 possidere
861 681 891 705 in
910 684 1052 705 aeternum.

215 723 255 749 In
280 723 391 751 Laud.
424 723 444 749 Α
466 723 483 752 5
502 725 664 760 prosaiseh‚
690 733 742 752 aus
761 725 835 753 Heb.
862 725 889 759 7,
915 723 951 752 26
979 726 1013 752 A.
1038 739 1075 743 —
1099 725 1158 752 Die
1177 733 1288 761 ganzen
1306 724 1420 751 Laudes

139 759 205 785 siud
225 760 330 787 andere
345 762 377 788 in
396 763 428 795 B,
450 762 592 789 nfimlieh:

315 824 354 853 In
372 824 574 855 Laudibus.

357 879 538 908 Antiphonae.

150 915 173 943 1.
194 917 318 944 Domum
337 920 424 953 tuam,
444 919 580 951 Domine,

231 954 313 981 decet
331 955 500 988 sanctitudo,

192 991 227 1017 In
247 1000 305 1027 qua
323 994 421 1019 tantae
439 992 638 1028 frequentatur

231 1030 371 1056 memoria
389 1030 560 1056 sanctitatis.

141 1072 165 1100 2.
190 1075 293 1101 Beatus
313 1075 498 1102 Gebehardus

228 1112 264 1139 ab
285 1112 409 1139 infantia
433 1113 567 1147 spiritum

195 1148 319 1176 Sortitus
340 1152 383 1176 est
401 1149 516 1182 bonum,

194 1185 250 1212 Per
273 1194 357 1221 quem
377 1189 439 1213 erat
458 1195 529 1221 puer
548 1186 650 1213 docilis

194 1222 234 1249 Et
253 1224 387 1250 amabilis
407 1223 501 1251 valde.

147 1267 173 1296 3.
193 1269 229 1296 In
248 1269 402 1305 disciplina
419 1278 530 1297 morum

192 1306 382 1343 Profectuque
402 1308 542 1334 virtutum

193 1343 285 1379 Super
303 1344 436 1371 docentes
456 1353 488 1371 se
506 1346 537 1371 in
558 1345 637 1372 brevi

191 1380 309 1408 Enituit
325 1383 462 1408 unctione
480 1382 618 1416 magistri.

145 1426 172 1454 4.
193 1427 359 1454 Benedictio
379 1428 498 1455 Domini

192 1464 285 1500 Super
304 1467 391 1500 caput
412 1466 490 1498 iusti,

191 1502 332 1529 Memoria
351 1503 412 1529 eius

191 1539 227 1566 In
246 1539 363 1566 saecula
382 1540 571 1566 saeculorum.

147 1584 173 1612 5.
192 1585 290 1612 Hodie
311 1586 405 1620 posito
428 1594 547 1621 corpore

191 1623 313 1650 Praesul
333 1625 450 1650 sanctus
470 1623 550 1650 dives
570 1624 681 1650 meritis

868 809 1035 836 Penetravit
1052 810 1084 835 in
1103 811 1211 842 saneta,
1232 809 1337 835 similis

867 846 972 873 Factus
991 848 1023 873 in
1041 847 1135 881 gloria
1155 848 1325 873 sanctorum.

996 930 1040 953 Ad
1054 930 1226 953 Benedictus.

806 992 839 1018 Λ.
867 992 958 1027 Euge,
981 1001 1061 1020 serve
1080 991 1182 1025 fidelis,

864 1029 922 1062 Qui
941 1032 1022 1056 tuum
1043 1029 1208 1056 thesaurum

903 1067 1027 1093 condens
1046 1068 1078 1093 in
1098 1066 1185 1093 caelis

865 1103 1010 1130 Creditum
1030 1104 1169 1130 talentum

900 1149 963 1167 eum
984 1141 1063 1168 lucro
1083 1142 1237 1175 reportasti

861 1177 901 1204 Et
919 1178 1056 1213 gaudium
1074 1178 1192 1204 Domini
1212 1179 1255 1205 tui

900 1215 986 1242 hodie
1004 1216 1098 1242 laetus
1119 1216 1254 1248 introisti,

859 1253 930 1279 Tuis
951 1253 1050 1285 servis,

900 1292 998 1316 sancte
1017 1289 1132 1325 praesul
1151 1289 1328 1323 Gebeharde,

865 1326 1024 1353 Clementer
1043 1326 1177 1362 digneris,

899 1372 1080 1398 quaesumus,
1102 1363 1246 1398 opitulari,

860 1401 901 1429 Ut
920 1401 951 1427 in
969 1400 1094 1427 filiorum

895 1446 1044 1464 numerum
1064 1438 1193 1471 adoptati

859 1475 971 1510 Deique
990 1475 1142 1502 heredibus
1162 1475 1298 1501 associati

862 1512 1040 1548 Quandoque
1058 1512 1133 1539 faeie
1150 1512 1187 1539 ad
1205 1512 1309 1539 faciem

900 1557 1059 1576 mereamur
1078 1549 1279 1584 contemplare,

860 1587 952 1620 Quem
971 1594 1048 1613 nune
1067 1595 1117 1621 per
1137 1586 1285 1622 speculum

896 1624 1016 1650 nitimur
1034 1624 1180 1659 indagare.

206 1679 247 1706 In
272 1677 298 1706 2.
318 1679 422 1715 Vesp.
451 1679 487 1706 ad
506 1679 606 1714 Magn.
625 1677 647 1704 Α
676 1679 749 1706 fehlt
766 1680 799 1707 B.
826 1695 863 1699 —
883 1680 1017 1714 Hymnen
1037 1679 1095 1714 vgl.
1114 1679 1202 1706 Mone
1220 1679 1274 1706 No.
1298 1677 1352 1707 937
1371 1679 1416 1715 (A)

132 1716 191 1743 und
217 1713 272 1743 939
298 1715 350 1750 (Β).
388 1717 476 1744 Mone
502 1718 592 1743 nennt
616 1715 679 1751 (ΠΙ,
699 1714 765 1751 312)
790 1717 852 1744 dies
879 1716 1009 1744 Officium
1038 1717 1104 1752 „ein
1128 1717 1295 1744 metrisches
1316 1718 1416 1745 Leben

134 1753 283 1781 Gebhards
316 1755 348 1780 in
383 1754 571 1789 vierzeiligen
600 1754 823 1782 assoniereuden
854 1754 997 1789 Strophen
1025 1762 1084 1781 von
1113 1754 1295 1789 ungleichem
1324 1753 1413 1782 Bau.“

133 1791 221 1818 Diese
240 1791 461 1827 Vierzeiligkeit
478 1792 519 1818 ist
536 1800 591 1818 nur
610 1791 658 1818 bei
677 1791 728 1819 der
739 1791 888 1819 Mehrzahl
907 1792 957 1818 der
971 1790 1017 1817 ΑΑ
1038 1791 1243 1826 durehgeffihrt
1261 1792 1320 1819 und
1343 1793 1414 1819 wir-d

135 1828 186 1855 das
209 1828 307 1855 Ganze
326 1829 462 1864 riehtiger
482 1829 525 1856 als
544 1828 713 1864 Reimprosa
733 1838 769 1856 zu
786 1830 960 1857 bezeichnen
979 1830 1050 1856 sein.

566 1919 607 1950 18.
647 1919 689 1950 De
710 1921 815 1951 saneto
837 1919 975 1959 Geor-gio.

267 1980 313 2012 In
339 1981 370 2013 2.
395 1979 607 2018 Vesperis.

310 2053 402 2089 Super
416 2053 556 2081 Psalmos.

128 2112 166 2142 A.
193 2110 354 2143 Laudibus
377 2111 477 2149 aptati

241 2157 352 2189 tironis
375 2157 581 2197 martyrizati,

197 2204 279 2235 Divo
305 2204 444 2236 coronati

246 2250 342 2284 simus
366 2250 500 2284 iubilare
523 2252 637 2294 parati,

199 2298 246 2331 Ut
268 2306 326 2336 per
350 2305 420 2329 eum
444 2298 525 2338 grati

246 2345 454 2377 coaduuemur
480 2345 599 2377 deitati.

985 2025 1030 2052 Ad
1049 2025 1216 2062 Magnifieat

799 2110 838 2141 A.
867 2110 1037 2142 Ierusalem
1060 2112 1164 2151 natae,

914 2157 1070 2190 laetanter
1094 2157 1268 2197 glorificate

868 2201 1027 2244 Sanctum,
1055 2204 1107 2244 qui
1130 2205 1237 2244 palma

915 2249 1030 2283 fruitur
1051 2251 1180 2283 victoris
1206 2255 1238 2284 et
1261 2253 1344 2284 alma

869 2298 1017 2337 Percepit
1041 2299 1132 2338 dona,

916 2345 1080 2377 decoratus
1104 2345 1138 2377 in
1162 2355 1236 2377 aree
1261 2355 1385 2381 corona.
