1650 2542
660 133 910 168 -111—

215 219 261 251 Ut
283 220 394 252 nociva
419 223 529 253 cuncta
553 225 650 263 pellat

261 265 451 298 Benedictus
474 267 636 304 Dominus.

277 404 321 436 In
347 406 377 437 2.
405 407 619 446 vesperis

361 478 552 514 Antiphonae.

154 532 184 566 1.
211 532 314 572 Digna
337 533 437 575 fulget
462 537 528 568 dies
550 538 643 569 laude

257 579 396 612 Celebris
420 582 584 625 Ieronymi‚

212 625 317 657 Omnis
342 631 487 667 prompte
510 630 616 670 lingua
639 632 754 669 plaude

257 671 374 704 Christi
398 674 508 706 laudes
532 677 658 718 nomini,

211 716 292 749 Solis
317 722 403 751 ortus
430 729 498 751 cum
523 730 634 754 occasu

258 764 390 804 Gaudet,
423 767 531 799 doctor
554 770 706 809 germinat

210 810 345 842 Multum
370 811 504 844 fructum
530 818 561 845 et
584 815 643 847 hoc
668 825 740 848 casu

257 857 398 889 Perfidos
424 861 617 893 exterminat.

151 921 183 953 2.
210 921 323 952 Omnes
347 926 515 962 properate
539 927 655 964 gentes,

252 967 435 1000 Collaudate
458 970 633 1009 Dominum,

204 1012 387 1046 Fluctuosas
412 1014 515 1048 firmat
538 1021 658 1049 mentes

250 1060 332 1091 Mire
356 1070 414 1100 per
438 1063 644 1105 1eronymum‚

203 1105 295 1137 Cuius
321 1116 416 1139 aurea
440 1109 583 1141 doctrina

245 1152 382 1184 Falsitas
414 1155 573 1195 dilabitur,

196 1197 326 1236 Semper
350 1200 465 1231 veritas
492 1201 598 1233 divina

243 1244 353 1276 Manet
377 1249 408 1277 et
431 1245 614 1280 firmabitur.

141 1308 170 1340 3.
196 1307 320 1340 Ducens
345 1310 384 1341 ab
407 1314 544 1344 extremo
568 1313 676 1354 nubes,

244 1355 360 1395 Magna
386 1357 445 1388 diis
468 1367 545 1397 prae
570 1363 689 1402 ceteris,

196 1400 313 1432 Lucem
337 1402 426 1434 nobis
451 1402 534 1435 ferre
557 1406 646 1438 iubes

241 1447 271 1478 A
296 1447 452 1480 Stridonis
477 1452 601 1492 exteris,

196 1493 288 1525 Unde
309 1498 400 1533 pater
424 1505 590 1535 generosus

242 1540 367 1571 Prodiit
390 1541 554 1583 Eusebius,

192 1586 241 1616 Ac
265 1586 338 1618 hinc
362 1588 475 1620 nobilis
500 1589 636 1623 famosus

241 1632 361 1664 Glaruit
386 1634 576 1675 leronymus.

131 1697 162 1728 4.
189 1697 251 1728 Hic
276 1698 420 1730 distinxit
442 1701 602 1734 sitibunde

234 1745 375 1777 Psalmos
399 1750 635 1789 nocturnalitcr‚

189 1789 323 1822 Pulchre
346 1791 474 1832 Deoque
496 1794 631 1828 iucunde

236 1838 281 1870 Ut
303 1839 473 1876 psallamus
498 1842 612 1883 taliter,

187 1882 413 1924 Lectionesque
437 1886 542 1918 divisit

233 1930 350 1963 Missae
373 1940 432 1970 per
456 1933 627 1977 sollemnia,

185 1975 282 2008 Horis
306 1977 473 2010 Dominum
497 1983 660 2019 praemisit

230 2023 340 2056 Iuncta
368 2026 498 2065 psalmis
522 2028 632 2069 gloria.

828 230 856 261 5.
883 229 956 261 Sion
981 239 1066 261 seras
1091 230 1278 263 confortavit

930 277 1091 308 Portarum
1117 278 1275 318 ecclesiae,

880 322 979 354 Natos
1004 323 1068 354 eins
1093 324 1219 355 satiavit

928 368 1157 409 Scripturarum
1182 371 1285 411 adipe,

881 416 943 446 Ars
969 419 1016 446 est
1037 416 1091 447 isti
1114 417 1201 448 nulla
1223 418 1324 448 latens

928 461 1044 493 Cuncto
1068 462 1135 494 fere
1159 462 1274 495 famine

884 508 1025 547 Pollens,
1084 508 1151 540 fons
1207 512 1253 541 est
1299 520 1420 542 sursum

1197 559 1319 588 scatens

924 600 1037 632 Flante
1061 610 1149 633 sacro
1173 601 1305 634 flamine.

809 682 846 715 R.
875 683 1003 715 Trames
1028 687 1115 723 patet
1137 685 1316 725 luminosus,

877 729 960 760 Dum
984 731 1132 762 transiret
1154 732 1316 772 gloriosus,

879 776 1020 808 Christus
1043 776 1142 808 forma
1166 778 1324 817 speciosus

875 821 996 853 Haeret
1020 823 1158 863 dextrae,
1184 833 1363 856 numerosus

923 868 1040 900 Ghoms
1065 870 1156 901 adest
1180 871 1315 903 caelitus.

875 915 992 946 Ferens
1019 924 1123 947 cereos
1148 917 1292 948 ardentes

875 961 955 992 Solis
979 961 1070 992 iubar
1094 962 1263 1001 vincentes,

874 1006 1021 1037 Sanctum
1045 1008 1148 1039 throni
1174 1010 1372 1041 concinentes

837 1047 840 1050 ’
873 1051 925 1083 Sic
948 1053 1102 1084 reducunt
1126 1056 1354 1094 congaudentes

917 1099 1018 1130 Abest
1043 1100 1132 1132 dolor
1155 1101 1297 1142 penitus;

802 1144 837 1175 V.
868 1144 956 1176 Haec
980 1145 1115 1185 Cyrillus
1137 1155 1268 1179 cernens
1294 1149 1392 1180 clare·

869 1191 942 1228 Quis
968 1192 1023 1224 es?
1048 1192 1158 1233 inquit,
1182 1194 1258 1225 mihi
1283 1194 1367 1226 fare!

871 1236 945 1268 Sum
968 1238 1160 1278 leronymus,
1193 1249 1210 1271 ο
1236 1249 1318 1284 care,

871 1283 929 1321 Qui
953 1284 999 1315 sic
1022 1285 1138 1324 glorior
1161 1288 1325 1325 praeclare

917 1329 1063 1362 Gaudens
1088 1332 1230 1371 linquens
1255 1335 1395 1373 gemitus.

982 1451 1026 1478 Ad
1045 1451 1219 1488 Magnificat.

795 1526 831 1555 A.
867 1525 890 1557 Ο
917 1525 1057 1557 sublimis
1082 1528 1275 1567 principatus

864 1571 925 1602 Per
948 1575 981 1603 te
1003 1576 1109 1604 noster
1129 1574 1283 1605 incolatus

861 1617 923 1656 Spe
945 1617 1079 1662 refloret,
1106 1621 1187 1659 quod
1214 1621 1322 1653 beatus

905 1664 1020 1696 Tecum
1044 1675 1167 1706 semper
1191 1669 1335 1707 gaudeat,

861 1710 920 1748 Qui
944 1712 1026 1751 quod
1052 1713 1093 1743 sit
1117 1714 1164 1744 sic
1189 1715 1384 1754 candidatuS,

861 1757 952 1788 Miris
978 1759 1116 1799 undique
1139 1761 1282 1801 stipatus,

858 1804 943 1835 Tuus
969 1803 1046 1836 facit
1070 1805 1160 1839 favor
1184 1811 1301 1848 gratus,

903 1850 997 1883 Hune
1019 1853 1072 1891 qui
1095 1854 1142 1884 sic
1166 1853 1330 1897 mirificat3

857 1896 918 1927 Hic
943 1898 1084 1930 adversis
1110 1899 1170 1931 suit
1193 1903 1320 1942 stratus,

857 1942 920 1975 Sed
944 1954 1027 1976 nunc
1052 1947 1137 1977 caelo
1164 1947 1337 1989 dedicatus,

855 1989 971 2021 Noster
995 1993 1078 2023 totus
1103 1994 1187 2025 unde
1206 1997 1306 2026 status

902 2036 1066 2070 Dominum
1090 2040 1277 2080 magnificat.

184 2115 284 2149 Propr.
305 2116 333 2144 S.
354 2118 491 2147 Iohannis
512 2121 705 2150 Boscoducen.
729 2125 797 2161 imp.
819 2127 1002 2165 Antwerpiae
1027 2140 1049 2158 s.
1071 2140 1095 2159 a.
1126 2147 1162 2151 —
1189 2135 1229 2161 In
1250 2134 1273 2162 1.
1295 2136 1397 2169 Vewp.

110 2152 146 2178 ad
162 2152 259 2188 Magn.
280 2151 344 2187 A‚4
363 2156 426 2183 celi.
445 2171 481 2175 —
500 2158 542 2185 In
563 2157 587 2186 1.
608 2160 709 2188 Noct.
732 2160 751 2187 R
769 2163 792 2196 1,
809 2163 843 2191 12
862 2166 987 2200 Rugens.
1008 2185 1044 2189 -
1062 2170 1104 2197 In
1123 2169 1150 2197 2.
1170 2172 1212 2199 N<
1228 2175 1269 2199 ct.
1286 2171 1305 2198 R
1320 2171 1346 2206 3,
1363 2172 1396 2200 11

109 2189 236 2224 Rugens.
257 2205 293 2210 —-
313 2192 355 2219 In
372 2193 480 2221 Laud.
502 2194 523 2221 Α
546 2194 571 2230 2,
588 2195 602 2223 1
616 2198 698 2225 Tunc
712 2200 829 2233 cyrillo.
850 2218 886 2222 —
904 2204 926 2230 Α
941 2203 966 2238 2,
981 2203 998 2233 3
1011 2207 1109 2234 fultus.
1130 2225 1166 2229 —-
1186 2209 1226 2236 In
1246 2208 1271 2236 2.
1292 2211 1342 2238 Vc
1353 2220 1397 2244 η).

109 2224 138 2259 Β,
160 2225 177 2253 7
202 2227 276 2269 fehlt
294 2230 365 2256 eine
388 2230 480 2266 Silbc;
508 2233 562 2261 lies
589 2236 769 2265 evincentes?
795 2255 831 2259 —
858 2241 922 2278 Vgl.
949 2243 995 2270 die
1022 2244 1157 2279 Hymnen
1184 2247 1265 2274 Anal.
1286 2248 1395 2275 XXIII.

523 2367 549 2383 h
