1650 2542
793 147 1025 180 -66-

285 243 316 272 2.
346 241 411 272 Iam
438 249 506 271 cum
530 240 651 271 laetitia

388 286 515 317 caelesti
538 286 616 318 vivit
637 285 671 316 111
695 285 776 323 aula,

345 332 443 370 Quem
466 332 549 364 vitae
571 330 747 362 innocentia

341 378 495 409 Perduxit
517 378 558 409 ad
583 377 738 409 caelestia.

282 442 312 473 3.
337 441 389 473 Ad
415 441 580 473 Dominum
604 441 736 480 vigilans

383 487 486 525 prima
511 487 549 518 de
573 488 642 517 luce
666 486 811 527 cucurrit,

336 533 382 565 Ut
405 533 526 563 videret
551 532 759 563 dulcissimam

337 577 470 609 Virtutis
496 578 560 609 eius
584 577 724 617 gloriam.

283 652 314 683 4.
339 650 417 682 Eius
443 652 511 682 erat
533 651 670 682 studium

382 704 505 735 semper
516 696 703 729 benedicere
718 697 874 729 Christum

336 742 475 781 Eiusque
499 743 546 773 rei
569 744 740 781 praemium

335 787 480 819 Gaudere
502 789 535 819 in
558 793 752 828 perpetuum.

280 861 311 891 5.
336 861 403 891 Iam
429 861 512 892 canit
536 861 587 892 hic
610 864 734 893 sanctus

378 906 511 938 Domino
528 917 610 939 nova
627 909 748 940 cantica
762 910 872 951 laetus,

1005 238 1100 275 Quem
1125 247 1249 277 semper
1273 239 1347 270 totis
1373 238 1491 270 viribus

1006 283 1177 316 Collaudet
1200 285 1300 316 omnis
1325 285 1466 324 spiritus.

1114 356 1159 383 Ad
1178 357 1361 384 Benedictus.

931 413 972 446 A.
1001 412 1116 444 Erexit
1137 413 1227 444 nobis
1252 413 1394 444 omnibus

1003 459 1107 491 Cornu
1131 459 1242 491 salutis
1266 459 1429 501 Dominus,

999 506 1087 544 Quod
1113 507 1161 536 est
1185 514 1252 536 cum
1275 506 1391 537 sanctis
1408 507 1544 539 moribus

1000 551 1075 583 Vita
1099 550 1253 591 Gerulphi
1276 553 1435 592 martyris.

1064 645 1109 676 In
1134 645 1164 676 2.
1189 644 1295 683 Vesp
1308 645 1402 676 eris.

1115 717 1162 743 Ad
1179 717 1356 753 Magnificat.

930 774 969 803 A.
999 773 1023 804 Ο
1049 771 1219 813 Gerulphe‚
1245 777 1366 813 martyr
1391 775 1518 815 Christi,

999 818 1087 849 Sicut
1108 820 1226 851 mundo
1250 821 1306 852 lux
1329 819 1429 860 fuisti,

1000 864 1053 896 Sic
1077 868 1108 896 et
1131 866 1222 897 nobis
1245 867 1289 898 sis
1311 867 1449 905 lucerna,

1001 911 1067 949 Qua
1093 912 1242 944 ducamur
1266 913 1307 944 ad
1332 923 1479 953 superna.

341 969 416 996 Acta
440 969 623 1004 Sanctorum,
650 971 706 1006 Sep
708 974 728 998 t.
747 973 801 1005 VI,
828 971 881 1000 251
908 982 940 1009 sq
969 988 1005 992 —
1026 975 1091 1001 Von
1117 975 1225 1002 diesem
1245 976 1377 1004 Officium
1401 986 1462 1005 war
1487 979 1542 1006 den

265 1006 466 1033 Bollandisten
484 1009 532 1034 ein
551 1008 719 1043 gedrucktes
732 1009 888 1044 Exemplar
907 1019 965 1037 von
978 1011 1121 1039 Antonius
1140 1012 1176 1039 de
1189 1012 1287 1048 Stoop,
1303 1014 1363 1041 Abt
1381 1023 1439 1042 von
1452 1016 1541 1043 Tron-

264 1042 413 1076 ememtes,
434 1045 556 1079 gesandt
573 1045 696 1072 worden.
737 1046 786 1073 Sie
814 1047 906 1074 haben
930 1047 1062 1075 dasselbe
1082 1050 1113 1075 in
1133 1049 1216 1077 ihren
1235 1050 1310 1077 Aeta
1328 1060 1383 1079 uns
1404 1052 1541 1088 erhalten,

265 1087 317 1106 aus
338 1080 402 1106 dem
423 1089 453 1107 es
473 1081 536 1108 hier
555 1082 733 1117 abgedruckt
752 1084 902 1111 erscheint.

669 1171 714 1201 22.
743 1171 787 1203 De
806 1174 913 1204 sancto
936 1174 1122 1206 Godehardo.

397 1238 443 1269 In
469 1238 499 1270 1.
525 1238 737 1279 vesperis,

262 1310 300 1341 R.
329 1310 469 1341 Antistes
495 1312 620 1350 quidam
644 1322 702 1351 per
725 1314 825 1345 visum

333 1356 382 1387 Ac
404 1360 496 1388 nocte
519 1358 593 1388 solis
618 1360 740 1390 radium

333 1402 421 1433 Vidit
443 1401 645 1442 infulgentem
672 1406 719 1436 011

332 1447 438 1479 Sancti
461 1450 560 1487 patris
585 1450 778 1491 Godehardi‚

267 1492 303 1524 V.
331 1493 376 1524 Et
398 1503 465 1525 cum
489 1494 611 1535 fulgore
634 1498 776 1536 spiritum

329 1540 468 1579 Migrare
491 1542 570 1572 vidit
594 1543 635 1574 ad
658 1542 768 1577 Deum.

443 1613 487 1640 Ad
506 1614 683 1650 Magnificat.

260 1667 299 1698 A.
327 1667 507 1708 Magnificet
530 1673 563 1701 te
586 1670 752 1703 Dominum

332 1713 445 1746 Coetus
471 1716 570 1746 omnis
596 1718 797 1757 credentium,

334 1759 391 1796 Qui
417 1761 564 1792 exaltasti
587 1762 735 1795 humilem

330 1804 551 1838 Godehardum
573 1808 763 1851 pontificem,

328 1852 415 1883 Inter
438 1861 574 1891 superna
597 1856 721 1894 agmina

325 1897 427 1936 Digna
451 1899 621 1932 sublimans
644 1902 755 1942 gloria,

330 1943 422 1975 Cuius
446 1947 608 1985 praecelsa
630 1950 743 1981 merita

328 1989 445 2022 Nostra
468 1992 610 2024 relaxent
635 1995 759 2028 delicta.

391 2083 451 2114 Ad
473 2083 732 2123 Matutinum.

454 2156 666 2185 hivitatorium.

326 2211 466 2244 Alleluia
489 2212 556 2245 Deo

368 2257 536 2290 iucundum
560 2262 686 2300 psallite
708 2266 799 2309 melo,

329 2303 367 2335 In
389 2313 449 2343 quo
473 2306 622 2341 mirificus

369 2353 495 2390 praesul
517 2353 595 2385 vivit
618 2354 833 2394 GodeharduS.

1056 1245 1101 1275 In
1127 1245 1157 1277 1.
1183 1245 1410 1280 Nocturno.

1135 1317 1328 1353 Antiphonae.

965 1396 970 1402 .
996 1372 1111 1403 Beatus
1136 1374 1185 1404 vir
1210 1374 1427 1416 Godehardus‚

995 1419 1032 1450 In
1057 1419 1127 1458 lege
1149 1420 1210 1451 Dei
1234 1422 1362 1453 sedulus

995 1464 1114 1496 Fructu
1137 1466 1306 1499 laudabilis
1333 1469 1416 1500 vitae

997 1512 1060 1543 Suo
1087 1511 1213 1543 refulsit
1235 1516 1385 1554 tempore.

962 1590 969 1597 .
998 1566 1168 1598 Constituit
1192 1576 1260 1599 eum
1284 1569 1371 1601 Deus

993 1613 1032 1644 In
1057 1613 1217 1652 speculum
1241 1617 1447 1655 praesulatus,

994 1658 1039 1690 Ut
1062 1659 1162 1697 ipsius
1186 1664 1427 1700 praeceptorum

994 1704 1110 1745 Legem
1132 1705 1260 1737 doceret
1282 1709 1442 1747 populum.

960 1785 966 1792 .
992 1759 1180 1792 Mirificatus
1204 1770 1224 1792 a
1246 1761 1314 1794 Deo

993 1806 1031 1837 In
1055 1806 1214 1839 hominum
1240 1809 1380 1853 collegio,

993 1852 1061 1883 Iam
1085 1855 1151 1884 tum
1175 1854 1298 1887 laetitia
1323 1858 1428 1890 cordis

992 1898 1103 1937 Quiete
1125 1903 1260 1932 novatur
1283 1903 1381 1941 pacis

1125 1973 1330 2007 Responsoria.

959 2054 966 2061 .
991 2028 1068 2067 Igne
1093 2029 1199 2060 divino
1224 2040 1394 2065 succensus

990 2074 1196 2107 Venerandus
1222 2076 1432 2112 Godehardus

988 2120 1102 2152 Mundi
1126 2123 1249 2160 sprevit
1271 2124 1426 2158 laetitiam

991 2166 1095 2198 Vitam
1117 2176 1269 2206 quaerens
1293 2176 1489 2217 perpetuam,

951 2239 958 2246 .
989 2213 1188 2253 Propositum
1212 2219 1419 2252 monasticum

990 2259 1170 2300 Suscipiens
1195 2265 1227 2293 et
1250 2263 1403 2300 habitum.

958 2338 965 2346 .
991 2314 1076 2346 Hinc
1097 2315 1299 2351 sublimatum
1324 2323 1477 2356 cathedra

990 2361 1169 2394 Pontificali
1192 2366 1303 2410 gratia,
