<?xml version="1.0" encoding="UTF-8"?>
<!DOCTYPE html PUBLIC "-//W3C//DTD XHTML 1.0 Transitional//EN"
    "http://www.w3.org/TR/xhtml1/DTD/xhtml1-transitional.dtd">
<html xmlns="http://www.w3.org/1999/xhtml" xml:lang="en" lang="en">
 <head>
  <title>
</title>
<meta http-equiv="Content-Type" content="text/html;charset=utf-8" />
  <meta name='ocr-system' content='tesseract 3.04.00' />
  <meta name='ocr-capabilities' content='ocr_page ocr_carea ocr_par ocr_line ocrx_word'/>
</head>
<body>
  <div class='ocr_page' id='page_1' title='image "./analectahymnica26drevuoft_00187.png"; bbox 0 0 1650 2542; ppageno 0'>
   <div class='ocr_carea' id='block_1_1' title="bbox 755 132 1008 167">
    <p class='ocr_par' dir='ltr' id='par_1_1' title="bbox 755 132 1008 167">
     <span class='ocr_line' id='line_1_1' title="bbox 755 132 1008 167; baseline 0.008 -2"><span class='ocrx_word' id='word_1_1' title='bbox 755 132 1008 167; x_wconf 83' lang='lat'>—184—</span> 
     </span>
    </p>
   </div>
   <div class='ocr_carea' id='block_1_2' title="bbox 249 223 1524 443">
    <p class='ocr_par' dir='ltr' id='par_1_2' title="bbox 249 223 1524 443">
     <span class='ocr_line' id='line_1_2' title="bbox 321 223 1434 264; baseline -0.002 -7"><span class='ocrx_word' id='word_1_2' title='bbox 321 225 382 257; x_wconf 83' lang='lat' dir='ltr'>Ora</span> <span class='ocrx_word' id='word_1_3' title='bbox 405 234 462 264; x_wconf 87' lang='lat' dir='ltr'>pro</span> <span class='ocrx_word' id='word_1_4' title='bbox 485 226 574 257; x_wconf 87' lang='lat' dir='ltr'>nobis</span> <span class='ocrx_word' id='word_1_5' title='bbox 598 226 722 257; x_wconf 85' lang='lat' dir='ltr'>assidue</span> <span class='ocrx_word' id='word_1_6' title='bbox 983 225 1027 257; x_wconf 82' lang='lat' dir='ltr'>Ut</span> <span class='ocrx_word' id='word_1_7' title='bbox 1050 227 1179 256; x_wconf 84' lang='lat' dir='ltr'>aeterna</span> <span class='ocrx_word' id='word_1_8' title='bbox 1199 225 1269 256; x_wconf 83' lang='lat' dir='ltr'>luce</span> <span class='ocrx_word' id='word_1_9' title='bbox 1293 223 1434 256; x_wconf 84' lang='lat' dir='ltr'>fruamur</span> 
     </span>
     <span class='ocr_line' id='line_1_3' title="bbox 365 271 1278 311; baseline -0.001 -8"><span class='ocrx_word' id='word_1_10' title='bbox 365 274 484 310; x_wconf 79' lang='lat' dir='ltr'>patrem</span> <span class='ocrx_word' id='word_1_11' title='bbox 508 272 666 311; x_wconf 86' lang='lat' dir='ltr'>luminum,</span> <span class='ocrx_word' id='word_1_12' title='bbox 1026 271 1059 302; x_wconf 89' lang='lat' dir='ltr'>in</span> <span class='ocrx_word' id='word_1_13' title='bbox 1083 273 1278 311; x_wconf 82' lang='lat' dir='ltr'>perpetuum.</span> 
     </span>
     <span class='ocr_line' id='line_1_4' title="bbox 326 332 1524 362; baseline -0.002 0"><span class='ocrx_word' id='word_1_14' title='bbox 326 335 721 362; x_wconf 73' lang='lat' dir='ltr'>B1ev.ms.Franeiseanum</span> <span class='ocrx_word' id='word_1_15' title='bbox 741 335 809 361; x_wconf 88' lang='lat' dir='ltr'>anni</span> <span class='ocrx_word' id='word_1_16' title='bbox 831 332 910 361; x_wconf 85' lang='lat'>1492.</span> <span class='ocrx_word' id='word_1_17' title='bbox 946 334 1016 361; x_wconf 85' lang='lat' dir='ltr'>Olm.</span> <span class='ocrx_word' id='word_1_18' title='bbox 1035 335 1185 362; x_wconf 82' lang='lat' dir='ltr'>Monacen.</span> <span class='ocrx_word' id='word_1_19' title='bbox 1206 332 1312 362; x_wconf 79' lang='lat'>23152.</span> <span class='ocrx_word' id='word_1_20' title='bbox 1332 334 1367 361; x_wconf 90' lang='lat' dir='ltr'>A.</span> <span class='ocrx_word' id='word_1_21' title='bbox 1385 348 1422 352; x_wconf 90' lang='lat'>—</span> <span class='ocrx_word' id='word_1_22' title='bbox 1441 334 1524 361; x_wconf 79' lang='lat' dir='ltr'>Brev.</span> 
     </span>
     <span class='ocr_line' id='line_1_5' title="bbox 251 369 1523 407; baseline 0.001 -10"><span class='ocrx_word' id='word_1_23' title='bbox 251 372 385 407; x_wconf 85' lang='lat' dir='ltr'>Aquense</span> <span class='ocrx_word' id='word_1_24' title='bbox 405 373 470 407; x_wconf 83' lang='lat' dir='ltr'>imp.</span> <span class='ocrx_word' id='word_1_25' title='bbox 491 372 624 407; x_wconf 80' lang='lat' dir='ltr'>Lugduni</span> <span class='ocrx_word' id='word_1_26' title='bbox 646 370 725 399; x_wconf 87' lang='grc'>1499.</span> <span class='ocrx_word' id='word_1_27' title='bbox 744 385 780 390; x_wconf 90' lang='lat'>—</span> <span class='ocrx_word' id='word_1_28' title='bbox 800 372 882 398; x_wconf 85' lang='lat' dir='ltr'>Brev.</span> <span class='ocrx_word' id='word_1_29' title='bbox 902 371 1088 399; x_wconf 77' lang='lat' dir='ltr'>Nidrosiense</span> <span class='ocrx_word' id='word_1_30' title='bbox 1107 373 1174 407; x_wconf 87' lang='lat' dir='ltr'>imp.</span> <span class='ocrx_word' id='word_1_31' title='bbox 1194 372 1316 399; x_wconf 86' lang='lat' dir='ltr'>Parisiis</span> <span class='ocrx_word' id='word_1_32' title='bbox 1339 369 1419 398; x_wconf 89' lang='grc'>1519.</span> <span class='ocrx_word' id='word_1_33' title='bbox 1437 370 1467 398; x_wconf 86' lang='lat' dir='ltr'>O.</span> <span class='ocrx_word' id='word_1_34' title='bbox 1486 386 1523 390; x_wconf 92' lang='lat'>—-</span> 
     </span>
     <span class='ocr_line' id='line_1_6' title="bbox 249 406 1524 443; baseline 0 -9"><span class='ocrx_word' id='word_1_35' title='bbox 249 408 331 435; x_wconf 78' lang='lat' dir='ltr'>Brev.</span> <span class='ocrx_word' id='word_1_36' title='bbox 352 409 507 436; x_wconf 84' lang='lat' dir='ltr'>Romanum</span> <span class='ocrx_word' id='word_1_37' title='bbox 529 411 595 443; x_wconf 86' lang='lat' dir='ltr'>imp.</span> <span class='ocrx_word' id='word_1_38' title='bbox 615 409 744 435; x_wconf 81' lang='lat' dir='ltr'>Venetiis</span> <span class='ocrx_word' id='word_1_39' title='bbox 765 406 843 434; x_wconf 82' lang='lat'>1521.</span> <span class='ocrx_word' id='word_1_40' title='bbox 864 409 899 435; x_wconf 89' lang='lat' dir='ltr'>D.</span> <span class='ocrx_word' id='word_1_41' title='bbox 920 424 956 428; x_wconf 89' lang='lat'><strong>—</strong></span> <span class='ocrx_word' id='word_1_42' title='bbox 975 409 1271 436; x_wconf 81' lang='lat' dir='ltr'>Brev.Tzwe1-inense</span> <span class='ocrx_word' id='word_1_43' title='bbox 1291 410 1360 443; x_wconf 86' lang='lat' dir='ltr'>imp.</span> <span class='ocrx_word' id='word_1_44' title='bbox 1374 408 1524 435; x_wconf 81' lang='lat' dir='ltr'>Rostochii</span> 
     </span>
    </p>
   </div>
   <div class='ocr_carea' id='block_1_3' title="bbox 245 443 1523 589">
    <p class='ocr_par' dir='ltr' id='par_1_3' title="bbox 245 443 1523 589">
     <span class='ocr_line' id='line_1_7' title="bbox 250 443 1523 480; baseline 0 -8"><span class='ocrx_word' id='word_1_45' title='bbox 250 443 328 472; x_wconf 65' lang='lat'>15⁰9.</span> <span class='ocrx_word' id='word_1_46' title='bbox 349 446 384 472; x_wconf 97' lang='grc' dir='ltr'>Ε.</span> <span class='ocrx_word' id='word_1_47' title='bbox 464 446 547 472; x_wconf 85' lang='lat' dir='ltr'>Brev.</span> <span class='ocrx_word' id='word_1_48' title='bbox 567 446 728 472; x_wconf 81' lang='lat' dir='ltr'>Biterrense</span> <span class='ocrx_word' id='word_1_49' title='bbox 746 446 812 480; x_wconf 86' lang='lat' dir='ltr'>imp</span> <span class='ocrx_word' id='word_1_50' title='bbox 835 445 970 480; x_wconf 82' lang='lat' dir='ltr'>Lugduni</span> <span class='ocrx_word' id='word_1_51' title='bbox 991 443 1071 473; x_wconf 86' lang='lat'>1534.</span> <span class='ocrx_word' id='word_1_52' title='bbox 1091 446 1123 473; x_wconf 85' lang='lat' dir='ltr'>F.</span> <span class='ocrx_word' id='word_1_53' title='bbox 1142 460 1180 464; x_wconf 89' lang='lat'>—</span> <span class='ocrx_word' id='word_1_54' title='bbox 1201 446 1243 472; x_wconf 89' lang='lat' dir='ltr'>Zu</span> <span class='ocrx_word' id='word_1_55' title='bbox 1262 446 1371 472; x_wconf 83' lang='lat' dir='ltr'>diesem</span> <span class='ocrx_word' id='word_1_56' title='bbox 1391 445 1523 473; x_wconf 87' lang='lat' dir='ltr'>Officium</span> 
     </span>
     <span class='ocr_line' id='line_1_8' title="bbox 247 481 1521 518; baseline 0.002 -11"><span class='ocrx_word' id='word_1_57' title='bbox 247 481 370 515; x_wconf 57' lang='lat' dir='ltr'>jehiren</span> <span class='ocrx_word' id='word_1_58' title='bbox 389 482 432 508; x_wconf 79' lang='lat' dir='ltr'>die</span> <span class='ocrx_word' id='word_1_59' title='bbox 453 482 502 516; x_wconf 79' lang='lat' dir='ltr'>Hy</span> <span class='ocrx_word' id='word_1_60' title='bbox 503 490 599 508; x_wconf 81' lang='lat' dir='ltr'>mnen:</span> <span class='ocrx_word' id='word_1_61' title='bbox 621 482 656 508; x_wconf 85' lang='lat' dir='ltr'>In</span> <span class='ocrx_word' id='word_1_62' title='bbox 675 481 698 508; x_wconf 94' lang='lat'>1.</span> <span class='ocrx_word' id='word_1_63' title='bbox 720 482 806 516; x_wconf 83' lang='lat' dir='ltr'>Vesp.</span> <span class='ocrx_word' id='word_1_64' title='bbox 814 482 945 517; x_wconf 79' lang='lat' dir='ltr'>:Ioseph</span> <span class='ocrx_word' id='word_1_65' title='bbox 964 484 1062 518; x_wconf 81' lang='lat' dir='ltr'>stirpis</span> <span class='ocrx_word' id='word_1_66' title='bbox 1082 483 1241 510; x_wconf 80' lang='lat' dir='ltr'>Davidicae</span> <span class='ocrx_word' id='word_1_67' title='bbox 1259 481 1521 517; x_wconf 80' lang='lat' dir='ltr'>(Anal.1V‚164);</span> 
     </span>
     <span class='ocr_line' id='line_1_9' title="bbox 246 517 1522 553; baseline 0.002 -9"><span class='ocrx_word' id='word_1_68' title='bbox 246 518 282 543; x_wconf 83' lang='lat' dir='ltr'>ad</span> <span class='ocrx_word' id='word_1_69' title='bbox 301 519 398 544; x_wconf 58' lang='lat' dir='ltr'>Noeta:</span> <span class='ocrx_word' id='word_1_70' title='bbox 420 519 527 545; x_wconf 79' lang='lat' dir='ltr'>Plaude</span> <span class='ocrx_word' id='word_1_71' title='bbox 547 518 677 545; x_wconf 81' lang='lat' dir='ltr'>caelestis</span> <span class='ocrx_word' id='word_1_72' title='bbox 698 520 778 545; x_wconf 84' lang='lat' dir='ltr'>curia</span> <span class='ocrx_word' id='word_1_73' title='bbox 789 517 891 552; x_wconf 82' lang='lat' dir='ltr'>(Morel</span> <span class='ocrx_word' id='word_1_74' title='bbox 913 518 987 553; x_wconf 84' lang='lat'>145);</span> <span class='ocrx_word' id='word_1_75' title='bbox 1009 521 1039 546; x_wconf 89' lang='lat' dir='ltr'>in</span> <span class='ocrx_word' id='word_1_76' title='bbox 1054 520 1159 546; x_wconf 63' lang='lat' dir='ltr'>Laud:</span> <span class='ocrx_word' id='word_1_77' title='bbox 1181 520 1282 547; x_wconf 85' lang='lat' dir='ltr'>Carnis</span> <span class='ocrx_word' id='word_1_78' title='bbox 1303 527 1421 546; x_wconf 84' lang='lat' dir='ltr'>servans</span> <span class='ocrx_word' id='word_1_79' title='bbox 1441 528 1522 546; x_wconf 79' lang='lat' dir='ltr'>mun-</span> 
     </span>
     <span class='ocr_line' id='line_1_10' title="bbox 245 553 558 589; baseline 0.003 -9"><span class='ocrx_word' id='word_1_80' title='bbox 245 554 342 581; x_wconf 81' lang='lat' dir='ltr'>ditiam</span> <span class='ocrx_word' id='word_1_81' title='bbox 362 553 462 589; x_wconf 72' lang='lat' dir='ltr'>(Morel</span> <span class='ocrx_word' id='word_1_82' title='bbox 484 553 558 587; x_wconf 82' lang='lat'>146).</span> 
     </span>
    </p>
   </div>
   <div class='ocr_carea' id='block_1_4' title="bbox 680 644 1080 676">
    <p class='ocr_par' dir='ltr' id='par_1_4' title="bbox 680 644 1080 676">
     <span class='ocr_line' id='line_1_11' title="bbox 680 644 1080 676; baseline -0.003 -2"><span class='ocrx_word' id='word_1_83' title='bbox 680 644 725 674; x_wconf 86' lang='lat'>64.</span> <span class='ocrx_word' id='word_1_84' title='bbox 756 644 798 675; x_wconf 88' lang='lat' dir='ltr'>De</span> <span class='ocrx_word' id='word_1_85' title='bbox 820 645 927 675; x_wconf 84' lang='lat' dir='ltr'>sancta</span> <span class='ocrx_word' id='word_1_86' title='bbox 948 645 1080 676; x_wconf 82' lang='lat' dir='ltr'>Iuliana.</span> 
     </span>
    </p>
   </div>
   <div class='ocr_carea' id='block_1_5' title="bbox 376 711 1476 800">
    <p class='ocr_par' dir='ltr' id='par_1_5' title="bbox 376 711 1476 800">
     <span class='ocr_line' id='line_1_12' title="bbox 376 711 1388 751; baseline 0.004 -9"><span class='ocrx_word' id='word_1_87' title='bbox 376 711 421 742; x_wconf 91' lang='lat' dir='ltr'>In</span> <span class='ocrx_word' id='word_1_88' title='bbox 446 711 476 743; x_wconf 89' lang='lat'>1.</span> <span class='ocrx_word' id='word_1_89' title='bbox 503 712 608 751; x_wconf 88' lang='lat' dir='ltr'>Vesp</span> <span class='ocrx_word' id='word_1_90' title='bbox 620 713 713 744; x_wconf 86' lang='lat' dir='ltr'>eris.</span> <span class='ocrx_word' id='word_1_91' title='bbox 976 714 1092 746; x_wconf 79' lang='lat' dir='ltr'>Christi</span> <span class='ocrx_word' id='word_1_92' title='bbox 1116 713 1179 745; x_wconf 88' lang='lat' dir='ltr'>fide</span> <span class='ocrx_word' id='word_1_93' title='bbox 1203 714 1259 745; x_wconf 89' lang='lat' dir='ltr'>sed</span> <span class='ocrx_word' id='word_1_94' title='bbox 1284 718 1388 746; x_wconf 77' lang='lat' dir='ltr'>amata</span> 
     </span>
     <span class='ocr_line' id='line_1_13' title="bbox 971 761 1476 800; baseline 0 -9"><span class='ocrx_word' id='word_1_95' title='bbox 971 761 1043 792; x_wconf 89' lang='lat' dir='ltr'>Non</span> <span class='ocrx_word' id='word_1_96' title='bbox 1068 761 1201 791; x_wconf 76' lang='lat' dir='ltr'>assensit</span> <span class='ocrx_word' id='word_1_97' title='bbox 1224 761 1299 799; x_wconf 86' lang='lat' dir='ltr'>quid</span> <span class='ocrx_word' id='word_1_98' title='bbox 1323 762 1476 800; x_wconf 81' lang='lat' dir='ltr'>poscenti,</span> 
     </span>
    </p>
   </div>
   <div class='ocr_carea' id='block_1_6' title="bbox 917 815 1301 993">
    <p class='ocr_par' dir='ltr' id='par_1_6' title="bbox 917 815 1301 993">
     <span class='ocr_line' id='line_1_14' title="bbox 917 815 1271 854; baseline 0 -8"><span class='ocrx_word' id='word_1_99' title='bbox 917 816 947 846; x_wconf 87' lang='grc'>2.</span> <span class='ocrx_word' id='word_1_100' title='bbox 972 815 1138 846; x_wconf 83' lang='lat' dir='ltr'>Assentire</span> <span class='ocrx_word' id='word_1_101' title='bbox 1161 816 1271 854; x_wconf 84' lang='lat' dir='ltr'>nuptui</span> 
     </span>
     <span class='ocr_line' id='line_1_15' title="bbox 972 861 1295 901; baseline 0 -9"><span class='ocrx_word' id='word_1_102' title='bbox 972 861 1103 892; x_wconf 85' lang='lat' dir='ltr'>Prorsus</span> <span class='ocrx_word' id='word_1_103' title='bbox 1128 862 1295 901; x_wconf 86' lang='lat' dir='ltr'>recusavit,</span> 
     </span>
     <span class='ocr_line' id='line_1_16' title="bbox 971 906 1262 946; baseline 0.003 -8"><span class='ocrx_word' id='word_1_104' title='bbox 971 906 1066 938; x_wconf 81' lang='lat' dir='ltr'>Sacro</span> <span class='ocrx_word' id='word_1_105' title='bbox 1092 908 1164 946; x_wconf 86' lang='lat' dir='ltr'>quia</span> <span class='ocrx_word' id='word_1_106' title='bbox 1187 908 1262 939; x_wconf 79' lang='lat' dir='ltr'>ritui</span> 
     </span>
     <span class='ocr_line' id='line_1_17' title="bbox 970 953 1301 993; baseline 0.009 -9"><span class='ocrx_word' id='word_1_107' title='bbox 970 953 1108 993; x_wconf 86' lang='lat' dir='ltr'>Sponsus</span> <span class='ocrx_word' id='word_1_108' title='bbox 1133 954 1301 988; x_wconf 79' lang='lat' dir='ltr'>abdicavit.</span> 
     </span>
    </p>
   </div>
   <div class='ocr_carea' id='block_1_7' title="bbox 236 1008 1511 1282">
    <p class='ocr_par' dir='ltr' id='par_1_7' title="bbox 914 1008 1488 1143">
     <span class='ocr_line' id='line_1_18' title="bbox 914 1008 1476 1048; baseline 0.004 -8"><span class='ocrx_word' id='word_1_109' title='bbox 914 1009 943 1041; x_wconf 85' lang='lat'>3.</span> <span class='ocrx_word' id='word_1_110' title='bbox 971 1008 1039 1039; x_wconf 87' lang='lat' dir='ltr'>Non</span> <span class='ocrx_word' id='word_1_111' title='bbox 1067 1011 1115 1039; x_wconf 78' lang='lat' dir='ltr'>est</span> <span class='ocrx_word' id='word_1_112' title='bbox 1138 1018 1254 1048; x_wconf 85' lang='lat' dir='ltr'>sponsa</span> <span class='ocrx_word' id='word_1_113' title='bbox 1276 1008 1359 1041; x_wconf 84' lang='lat' dir='ltr'>flexa</span> <span class='ocrx_word' id='word_1_114' title='bbox 1384 1011 1476 1042; x_wconf 74' lang='lat' dir='ltr'>minis</span> 
     </span>
     <span class='ocr_line' id='line_1_19' title="bbox 969 1054 1418 1096; baseline 0.007 -11"><span class='ocrx_word' id='word_1_115' title='bbox 969 1054 1079 1093; x_wconf 84' lang='lat' dir='ltr'>Neque</span> <span class='ocrx_word' id='word_1_116' title='bbox 1106 1056 1206 1093; x_wconf 83' lang='lat' dir='ltr'>patris</span> <span class='ocrx_word' id='word_1_117' title='bbox 1233 1056 1418 1096; x_wconf 83' lang='lat' dir='ltr'>disciplinis,</span> 
     </span>
     <span class='ocr_line' id='line_1_20' title="bbox 967 1100 1488 1143; baseline 0.01 -13"><span class='ocrx_word' id='word_1_118' title='bbox 967 1100 1069 1131; x_wconf 88' lang='lat' dir='ltr'>Litem</span> <span class='ocrx_word' id='word_1_119' title='bbox 1094 1109 1215 1132; x_wconf 77' lang='lat' dir='ltr'>sacram</span> <span class='ocrx_word' id='word_1_120' title='bbox 1241 1105 1289 1133; x_wconf 85' lang='lat' dir='ltr'>est</span> <span class='ocrx_word' id='word_1_121' title='bbox 1313 1111 1488 1143; x_wconf 81' lang='lat' dir='ltr'>congressa,</span> 
     </span>
    </p>

    <p class='ocr_par' dir='ltr' id='par_1_8' title="bbox 427 1141 1511 1181">
     <span class='ocr_line' id='line_1_21' title="bbox 427 1141 1511 1181; baseline 0.014 -15"><span class='ocrx_word' id='word_1_122' title='bbox 427 1141 469 1167; x_wconf 83' lang='lat' dir='ltr'>Ad</span> <span class='ocrx_word' id='word_1_123' title='bbox 488 1141 663 1177; x_wconf 75' lang='lat' dir='ltr'>Magnificat.</span> <span class='ocrx_word' id='word_1_124' title='bbox 967 1146 1071 1177; x_wconf 88' lang='lat' dir='ltr'>Iesum</span> <span class='ocrx_word' id='word_1_125' title='bbox 1097 1147 1176 1178; x_wconf 86' lang='lat' dir='ltr'>olam</span> <span class='ocrx_word' id='word_1_126' title='bbox 1201 1156 1270 1179; x_wconf 84' lang='lat' dir='ltr'>oum</span> <span class='ocrx_word' id='word_1_127' title='bbox 1292 1152 1340 1179; x_wconf 82' lang='lat' dir='ltr'>est</span> <span class='ocrx_word' id='word_1_128' title='bbox 1359 1148 1511 1181; x_wconf 80' lang='lat' dir='ltr'>confessa.</span> 
     </span>
    </p>

    <p class='ocr_par' dir='ltr' id='par_1_9' title="bbox 236 1196 632 1235">
     <span class='ocr_line' id='line_1_22' title="bbox 236 1196 632 1235; baseline 0.008 -9"><span class='ocrx_word' id='word_1_129' title='bbox 236 1196 276 1227; x_wconf 88' lang='lat' dir='ltr'>A.</span> <span class='ocrx_word' id='word_1_130' title='bbox 305 1197 441 1235; x_wconf 86' lang='lat' dir='ltr'>Virginis</span> <span class='ocrx_word' id='word_1_131' title='bbox 465 1198 632 1235; x_wconf 85' lang='lat' dir='ltr'>prudentia</span> 
     </span>
    </p>

    <p class='ocr_par' dir='ltr' id='par_1_10' title="bbox 306 1242 665 1282">
     <span class='ocr_line' id='line_1_23' title="bbox 306 1242 665 1282; baseline 0.006 -9"><span class='ocrx_word' id='word_1_132' title='bbox 306 1242 438 1281; x_wconf 83' lang='lat' dir='ltr'>Stupens</span> <span class='ocrx_word' id='word_1_133' title='bbox 464 1244 503 1274; x_wconf 92' lang='lat' dir='ltr'>de</span> <span class='ocrx_word' id='word_1_134' title='bbox 525 1245 665 1282; x_wconf 83' lang='lat' dir='ltr'>potentia</span> 
     </span>
    </p>
   </div>
   <div class='ocr_carea' id='block_1_8' title="bbox 418 782 669 818">
    <p class='ocr_par' dir='ltr' id='par_1_11' title="bbox 418 782 669 818">
     <span class='ocr_line' id='line_1_24' title="bbox 418 782 669 818; baseline 0.004 -8"><span class='ocrx_word' id='word_1_135' title='bbox 418 782 510 818; x_wconf 84' lang='lat' dir='ltr'>Super</span> <span class='ocrx_word' id='word_1_136' title='bbox 533 784 669 811; x_wconf 86' lang='lat' dir='ltr'>Psalmos.</span> 
     </span>
    </p>
   </div>
   <div class='ocr_carea' id='block_1_9' title="bbox 241 838 760 1104">
    <p class='ocr_par' dir='ltr' id='par_1_12' title="bbox 241 838 760 1104">
     <span class='ocr_line' id='line_1_25' title="bbox 241 838 716 880; baseline 0.006 -11"><span class='ocrx_word' id='word_1_137' title='bbox 241 840 280 871; x_wconf 89' lang='lat' dir='ltr'>A.</span> <span class='ocrx_word' id='word_1_138' title='bbox 311 840 389 877; x_wconf 66' lang='lat' dir='ltr'>Iesu.</span> <span class='ocrx_word' id='word_1_139' title='bbox 415 838 483 870; x_wconf 85' lang='lat' dir='ltr'>fons</span> <span class='ocrx_word' id='word_1_140' title='bbox 507 840 716 880; x_wconf 82' lang='lat' dir='ltr'>benignitatiS,</span> 
     </span>
     <span class='ocr_line' id='line_1_26' title="bbox 310 884 760 926; baseline 0.007 -11"><span class='ocrx_word' id='word_1_141' title='bbox 310 884 455 924; x_wconf 72' lang='lat' dir='ltr'>Sponsus=</span> <span class='ocrx_word' id='word_1_142' title='bbox 483 885 575 916; x_wconf 79' lang='lat' dir='ltr'>decor</span> <span class='ocrx_word' id='word_1_143' title='bbox 600 887 760 926; x_wconf 78' lang='lat' dir='ltr'>eastitatis,</span> 
     </span>
     <span class='ocr_line' id='line_1_27' title="bbox 354 930 701 972; baseline 0.009 -11"><span class='ocrx_word' id='word_1_144' title='bbox 354 930 424 963; x_wconf 86' lang='lat' dir='ltr'>Tibi</span> <span class='ocrx_word' id='word_1_145' title='bbox 448 934 550 970; x_wconf 80' lang='lat' dir='ltr'>grates</span> <span class='ocrx_word' id='word_1_146' title='bbox 574 932 701 972; x_wconf 86' lang='lat' dir='ltr'>agimus,</span> 
     </span>
     <span class='ocr_line' id='line_1_28' title="bbox 308 976 690 1018; baseline 0.008 -12"><span class='ocrx_word' id='word_1_147' title='bbox 308 976 459 1007; x_wconf 84' lang='lat' dir='ltr'>Iulianam</span> <span class='ocrx_word' id='word_1_148' title='bbox 484 978 535 1016; x_wconf 87' lang='lat' dir='ltr'>qui</span> <span class='ocrx_word' id='word_1_149' title='bbox 558 977 690 1018; x_wconf 84' lang='lat' dir='ltr'>beatam,</span> 
     </span>
     <span class='ocr_line' id='line_1_29' title="bbox 312 1021 718 1064; baseline 0.005 -11"><span class='ocrx_word' id='word_1_150' title='bbox 312 1021 433 1053; x_wconf 84' lang='lat' dir='ltr'>Gencre</span> <span class='ocrx_word' id='word_1_151' title='bbox 455 1027 518 1054; x_wconf 80' lang='lat' dir='ltr'>tam</span> <span class='ocrx_word' id='word_1_152' title='bbox 544 1024 718 1064; x_wconf 82' lang='lat' dir='ltr'>delicatam,</span> 
     </span>
     <span class='ocr_line' id='line_1_30' title="bbox 353 1068 655 1104; baseline 0.01 -6"><span class='ocrx_word' id='word_1_153' title='bbox 353 1068 473 1099; x_wconf 85' lang='lat' dir='ltr'>Fovisti</span> <span class='ocrx_word' id='word_1_154' title='bbox 498 1069 655 1104; x_wconf 88' lang='lat' dir='ltr'>divinitus.</span> 
     </span>
    </p>
   </div>
   <div class='ocr_carea' id='block_1_10' title="bbox 1104 1220 1306 1256">
    <p class='ocr_par' dir='ltr' id='par_1_13' title="bbox 1104 1220 1306 1256">
     <span class='ocr_line' id='line_1_31' title="bbox 1104 1220 1306 1256; baseline 0.015 -10"><span class='ocrx_word' id='word_1_155' title='bbox 1104 1220 1306 1256; x_wconf 82' lang='lat' dir='ltr'>Responsoria.</span> 
     </span>
    </p>
   </div>
   <div class='ocr_carea' id='block_1_11' title="bbox 913 1275 1425 1409">
    <p class='ocr_par' dir='ltr' id='par_1_14' title="bbox 913 1275 1425 1409">
     <span class='ocr_line' id='line_1_32' title="bbox 913 1275 1280 1309; baseline 0.005 -2"><span class='ocrx_word' id='word_1_156' title='bbox 913 1276 942 1308; x_wconf 86' lang='lat'>1.</span> <span class='ocrx_word' id='word_1_157' title='bbox 967 1275 1106 1308; x_wconf 83' lang='lat' dir='ltr'>Anxia‘ta</span> <span class='ocrx_word' id='word_1_158' title='bbox 1130 1277 1280 1309; x_wconf 84' lang='lat' dir='ltr'>tribunali</span> 
     </span>
     <span class='ocr_line' id='line_1_33' title="bbox 967 1322 1415 1365; baseline 0.011 -13"><span class='ocrx_word' id='word_1_159' title='bbox 967 1322 1057 1353; x_wconf 90' lang='lat' dir='ltr'>Iussu</span> <span class='ocrx_word' id='word_1_160' title='bbox 1080 1323 1180 1362; x_wconf 84' lang='lat' dir='ltr'>patris</span> <span class='ocrx_word' id='word_1_161' title='bbox 1206 1327 1254 1355; x_wconf 81' lang='lat' dir='ltr'>est.</span> <span class='ocrx_word' id='word_1_162' title='bbox 1277 1325 1415 1365; x_wconf 83' lang='lat' dir='ltr'>addicta,</span> 
     </span>
     <span class='ocr_line' id='line_1_34' title="bbox 967 1367 1425 1409; baseline 0.011 -11"><span class='ocrx_word' id='word_1_163' title='bbox 967 1367 1051 1405; x_wconf 81' lang='lat' dir='ltr'>Quae</span> <span class='ocrx_word' id='word_1_164' title='bbox 1075 1369 1164 1408; x_wconf 86' lang='lat' dir='ltr'>quasi</span> <span class='ocrx_word' id='word_1_165' title='bbox 1187 1379 1245 1409; x_wconf 89' lang='lat' dir='ltr'>pro</span> <span class='ocrx_word' id='word_1_166' title='bbox 1271 1371 1425 1403; x_wconf 79' lang='lat' dir='ltr'>criminali</span> 
     </span>
    </p>
   </div>
   <div class='ocr_carea' id='block_1_12' title="bbox 303 1288 805 1419">
    <p class='ocr_par' dir='ltr' id='par_1_15' title="bbox 303 1288 805 1419">
     <span class='ocr_line' id='line_1_35' title="bbox 351 1288 738 1329; baseline 0.008 -10"><span class='ocrx_word' id='word_1_167' title='bbox 351 1289 424 1319; x_wconf 85' lang='lat' dir='ltr'>Veri</span> <span class='ocrx_word' id='word_1_168' title='bbox 447 1288 516 1328; x_wconf 89' lang='lat' dir='ltr'>Dei,</span> <span class='ocrx_word' id='word_1_169' title='bbox 541 1290 738 1329; x_wconf 84' lang='lat' dir='ltr'>plasmatoris</span> 
     </span>
     <span class='ocr_line' id='line_1_36' title="bbox 307 1334 705 1376; baseline 0.008 -12"><span class='ocrx_word' id='word_1_170' title='bbox 307 1334 401 1373; x_wconf 87' lang='lat' dir='ltr'>Caeli,</span> <span class='ocrx_word' id='word_1_171' title='bbox 426 1337 539 1374; x_wconf 83' lang='lat' dir='ltr'>terrae,</span> <span class='ocrx_word' id='word_1_172' title='bbox 564 1336 705 1376; x_wconf 90' lang='lat' dir='ltr'>hominis,</span> 
     </span>
     <span class='ocr_line' id='line_1_37' title="bbox 303 1380 805 1419; baseline 0.008 -9"><span class='ocrx_word' id='word_1_173' title='bbox 303 1380 379 1410; x_wconf 79' lang='lat' dir='ltr'>Mox</span> <span class='ocrx_word' id='word_1_174' title='bbox 403 1381 465 1411; x_wconf 88' lang='lat' dir='ltr'>vim</span> <span class='ocrx_word' id='word_1_175' title='bbox 490 1389 639 1419; x_wconf 86' lang='lat' dir='ltr'>quaerens</span> <span class='ocrx_word' id='word_1_176' title='bbox 663 1383 805 1418; x_wconf 75' lang='lat' dir='ltr'>nominis,</span> 
     </span>
    </p>
   </div>
   <div class='ocr_carea' id='block_1_13' title="bbox 351 1413 1359 1466">
    <p class='ocr_par' dir='ltr' id='par_1_16' title="bbox 351 1413 1359 1466">
     <span class='ocr_line' id='line_1_38' title="bbox 351 1413 1359 1466; baseline 0.005 -10"><span class='ocrx_word' id='word_1_177' title='bbox 351 1426 452 1457; x_wconf 87' lang='lat' dir='ltr'>Huius</span> <span class='ocrx_word' id='word_1_178' title='bbox 477 1428 593 1466; x_wconf 88' lang='lat' dir='ltr'>templa</span> <span class='ocrx_word' id='word_1_179' title='bbox 616 1429 779 1460; x_wconf 88' lang='lat' dir='ltr'>salvatoris</span> <span class='ocrx_word' id='word_1_180' title='bbox 965 1413 1026 1445; x_wconf 63' lang='lat' dir='ltr'>ESt</span> <span class='ocrx_word' id='word_1_181' title='bbox 1049 1416 1197 1447; x_wconf 54' lang='lat' dir='ltr'>atrociter</span> <span class='ocrx_word' id='word_1_182' title='bbox 1221 1415 1359 1457; x_wconf 55' lang='lat' dir='ltr'>‘adflicta’</span> 
     </span>
    </p>
   </div>
   <div class='ocr_carea' id='block_1_14' title="bbox 238 1458 1504 2343">
    <p class='ocr_par' dir='ltr' id='par_1_17' title="bbox 238 1458 1504 2343">
     <span class='ocr_line' id='line_1_39' title="bbox 303 1458 1404 1511; baseline 0.013 -29"><span class='ocrx_word' id='word_1_183' title='bbox 303 1472 458 1502; x_wconf 53' lang='lat' dir='ltr'>Vifflabat</span> <span class='ocrx_word' id='word_1_184' title='bbox 481 1471 612 1511; x_wconf 54' lang='lat' dir='ltr'>fervida,</span> <span class='ocrx_word' id='word_1_185' title='bbox 897 1458 934 1492; x_wconf 91' lang='lat' dir='ltr'>V.</span> <span class='ocrx_word' id='word_1_186' title='bbox 964 1460 1035 1492; x_wconf 86' lang='lat' dir='ltr'>Una</span> <span class='ocrx_word' id='word_1_187' title='bbox 1059 1462 1165 1500; x_wconf 87' lang='lat' dir='ltr'>sponsi</span> <span class='ocrx_word' id='word_1_188' title='bbox 1189 1462 1404 1496; x_wconf 85' lang='lat' dir='ltr'>blandimenta</span> 
     </span>
     <span class='ocr_line' id='line_1_40' title="bbox 302 1506 1448 1558; baseline -0.005 -8"><span class='ocrx_word' id='word_1_189' title='bbox 302 1518 346 1550; x_wconf 81' lang='lat' dir='ltr'>Ut</span> <span class='ocrx_word' id='word_1_190' title='bbox 369 1518 542 1557; x_wconf 71' lang='lat' dir='ltr'>scripturae</span> <span class='ocrx_word' id='word_1_191' title='bbox 565 1520 691 1558; x_wconf 74' lang='lat' dir='ltr'>stupida</span> <span class='ocrx_word' id='word_1_192' title='bbox 966 1506 1201 1546; x_wconf 82' lang='lat' dir='ltr'>Parvipendens</span> <span class='ocrx_word' id='word_1_193' title='bbox 1227 1513 1259 1540; x_wconf 74' lang='lat' dir='ltr'>et.</span> <span class='ocrx_word' id='word_1_194' title='bbox 1283 1513 1448 1545; x_wconf 81' lang='lat' dir='ltr'>tormenta.</span> 
     </span>
     <span class='ocr_line' id='line_1_41' title="bbox 348 1562 1403 1605; baseline 0.014 -22"><span class='ocrx_word' id='word_1_195' title='bbox 348 1564 388 1595; x_wconf 56' lang='grc' dir='ltr'>Εἰ</span> <span class='ocrx_word' id='word_1_196' title='bbox 412 1562 494 1595; x_wconf 64' lang='lat' dir='ltr'>foret</span> <span class='ocrx_word' id='word_1_197' title='bbox 515 1565 701 1605; x_wconf 62' lang='lat' dir='ltr'>intellectus,</span> <span class='ocrx_word' id='word_1_198' title='bbox 908 1562 939 1593; x_wconf 87' lang='lat'>2.</span> <span class='ocrx_word' id='word_1_199' title='bbox 969 1562 1064 1601; x_wconf 87' lang='lat' dir='ltr'>Virgo</span> <span class='ocrx_word' id='word_1_200' title='bbox 1090 1563 1227 1595; x_wconf 81' lang='lat' dir='ltr'>crinibus</span> <span class='ocrx_word' id='word_1_201' title='bbox 1252 1574 1403 1604; x_wconf 86' lang='lat' dir='ltr'>suspensa</span> 
     </span>
     <span class='ocr_line' id='line_1_42' title="bbox 301 1607 1430 1653; baseline 0.004 -13"><span class='ocrx_word' id='word_1_202' title='bbox 301 1609 345 1641; x_wconf 82' lang='lat' dir='ltr'>Ut</span> <span class='ocrx_word' id='word_1_203' title='bbox 367 1610 413 1640; x_wconf 85' lang='lat' dir='ltr'>sio</span> <span class='ocrx_word' id='word_1_204' title='bbox 436 1611 678 1649; x_wconf 83' lang='lat' dir='ltr'>magnitudinem</span> <span class='ocrx_word' id='word_1_205' title='bbox 967 1607 1082 1639; x_wconf 81' lang='lat' dir='ltr'>Christi</span> <span class='ocrx_word' id='word_1_206' title='bbox 1106 1613 1197 1641; x_wconf 83' lang='lat' dir='ltr'>vocat</span> <span class='ocrx_word' id='word_1_207' title='bbox 1220 1611 1430 1653; x_wconf 86' lang='lat' dir='ltr'>sublevamen,</span> 
     </span>
     <span class='ocr_line' id='line_1_43' title="bbox 301 1654 1443 1699; baseline 0.004 -13"><span class='ocrx_word' id='word_1_208' title='bbox 301 1655 359 1686; x_wconf 81' lang='lat' dir='ltr'>Dei</span> <span class='ocrx_word' id='word_1_209' title='bbox 383 1664 439 1695; x_wconf 87' lang='lat' dir='ltr'>per</span> <span class='ocrx_word' id='word_1_210' title='bbox 463 1655 661 1688; x_wconf 86' lang='lat' dir='ltr'>formidinem</span> <span class='ocrx_word' id='word_1_211' title='bbox 964 1654 1026 1685; x_wconf 84' lang='lat' dir='ltr'>Per</span> <span class='ocrx_word' id='word_1_212' title='bbox 1049 1663 1103 1685; x_wconf 81' lang='lat' dir='ltr'>sex</span> <span class='ocrx_word' id='word_1_213' title='bbox 1127 1655 1220 1687; x_wconf 88' lang='lat' dir='ltr'>horas</span> <span class='ocrx_word' id='word_1_214' title='bbox 1247 1661 1294 1688; x_wconf 76' lang='lat' dir='ltr'>est</span> <span class='ocrx_word' id='word_1_215' title='bbox 1318 1658 1443 1699; x_wconf 83' lang='lat' dir='ltr'>offensa,</span> 
     </span>
     <span class='ocr_line' id='line_1_44' title="bbox 346 1699 1462 1746; baseline 0.014 -25"><span class='ocrx_word' id='word_1_216' title='bbox 346 1702 422 1732; x_wconf 68' lang='lat' dir='ltr'>Eius</span> <span class='ocrx_word' id='word_1_217' title='bbox 450 1702 642 1734; x_wconf 64' lang='lat' dir='ltr'>collaudaret</span> <span class='ocrx_word' id='word_1_218' title='bbox 666 1707 784 1743; x_wconf 53' lang='lat' dir='ltr'>pectus,</span> <span class='ocrx_word' id='word_1_219' title='bbox 964 1699 1025 1731; x_wconf 87' lang='lat' dir='ltr'>Sed</span> <span class='ocrx_word' id='word_1_220' title='bbox 1050 1710 1121 1732; x_wconf 83' lang='lat' dir='ltr'>mox</span> <span class='ocrx_word' id='word_1_221' title='bbox 1145 1702 1244 1733; x_wconf 80' lang='lat' dir='ltr'>sensit</span> <span class='ocrx_word' id='word_1_222' title='bbox 1266 1703 1462 1746; x_wconf 85' lang='lat' dir='ltr'>adiuvamen,</span> 
     </span>
     <span class='ocr_line' id='line_1_45' title="bbox 895 1745 1350 1788; baseline 0.018 -14"><span class='ocrx_word' id='word_1_223' title='bbox 895 1745 931 1775; x_wconf 89' lang='lat' dir='ltr'>V.</span> <span class='ocrx_word' id='word_1_224' title='bbox 962 1745 1020 1777; x_wconf 87' lang='lat' dir='ltr'>His</span> <span class='ocrx_word' id='word_1_225' title='bbox 1044 1748 1208 1788; x_wconf 79' lang='lat' dir='ltr'>suppliciis</span> <span class='ocrx_word' id='word_1_226' title='bbox 1231 1749 1350 1782; x_wconf 80' lang='lat' dir='ltr'>invicta</span> 
     </span>
     <span class='ocr_line' id='line_1_46' title="bbox 365 1792 1394 1833; baseline 0.017 -20"><span class='ocrx_word' id='word_1_227' title='bbox 365 1792 425 1824; x_wconf 73' lang='lat' dir='ltr'>Ad</span> <span class='ocrx_word' id='word_1_228' title='bbox 449 1795 706 1827; x_wconf 55' lang='lat' dir='ltr'>Matutinum,</span> <span class='ocrx_word' id='word_1_229' title='bbox 963 1792 1083 1823; x_wconf 74' lang='lat' dir='ltr'>Mansit</span> <span class='ocrx_word' id='word_1_230' title='bbox 1104 1802 1205 1833; x_wconf 89' lang='lat' dir='ltr'>neque</span> <span class='ocrx_word' id='word_1_231' title='bbox 1231 1796 1394 1832; x_wconf 78' lang='lat' dir='ltr'>derelicta.</span> 
     </span>
     <span class='ocr_line' id='line_1_47' title="bbox 428 1846 1449 1923; baseline 0.016 -54"><span class='ocrx_word' id='word_1_232' title='bbox 428 1866 636 1895; x_wconf 60' lang='lat' dir='ltr'>invitatorium.</span> <span class='ocrx_word' id='word_1_233' title='bbox 906 1847 937 1877; x_wconf 85' lang='lat'>3.</span> <span class='ocrx_word' id='word_1_234' title='bbox 962 1846 1162 1923; x_wconf 42' lang='lat' dir='ltr'>&amp;camerata</span> <span class='ocrx_word' id='word_1_235' title='bbox 1187 1850 1318 1883; x_wconf 87' lang='lat' dir='ltr'>daemon</span> <span class='ocrx_word' id='word_1_236' title='bbox 1341 1853 1449 1893; x_wconf 71' lang='lat' dir='ltr'>intrat,</span> 
     </span>
     <span class='ocr_line' id='line_1_48' title="bbox 296 1898 1488 1983; baseline 0.014 -32"><span class='ocrx_word' id='word_1_237' title='bbox 296 1920 472 1953; x_wconf 82' lang='lat' dir='ltr'>Laudemus</span> <span class='ocrx_word' id='word_1_238' title='bbox 496 1932 641 1962; x_wconf 87' lang='lat' dir='ltr'>sponsum</span> <span class='ocrx_word' id='word_1_239' title='bbox 666 1926 820 1966; x_wconf 79' lang='lat' dir='ltr'>virginum</span> <span class='ocrx_word' id='word_1_240' title='bbox 963 1902 1042 1971; x_wconf 55' lang='grc' dir='ltr'>3ἒῖ</span> <span class='ocrx_word' id='word_1_241' title='bbox 1049 1898 1218 1982; x_wconf 40' lang='lat' dir='ltr'>pls-9813?</span> <span class='ocrx_word' id='word_1_242' title='bbox 1239 1902 1488 1983; x_wconf 48' lang='grc' dir='ltr'>ἓὲἓέῗὲῗέςςρῖ</span> 
     </span>
     <span class='ocr_line' id='line_1_49' title="bbox 296 1967 1497 2030; baseline 0.016 -26"><span class='ocrx_word' id='word_1_243' title='bbox 296 1967 487 2020; x_wconf 66' lang='lat' dir='ltr'>Regnan&#39;fem</span> <span class='ocrx_word' id='word_1_244' title='bbox 509 1970 542 2000; x_wconf 91' lang='lat' dir='ltr'>in</span> <span class='ocrx_word' id='word_1_245' title='bbox 565 1974 759 2023; x_wconf 52' lang='lat' dir='ltr'>perpetuum,</span> <span class='ocrx_word' id='word_1_246' title='bbox 964 1985 1120 2018; x_wconf 85' lang='lat' dir='ltr'>Christum</span> <span class='ocrx_word' id='word_1_247' title='bbox 1145 1992 1244 2028; x_wconf 81' lang='lat' dir='ltr'>rogat,</span> <span class='ocrx_word' id='word_1_248' title='bbox 1270 1993 1305 2020; x_wconf 78' lang='lat' dir='ltr'>ut.</span> <span class='ocrx_word' id='word_1_249' title='bbox 1327 1991 1417 2022; x_wconf 83' lang='lat' dir='ltr'>adess</span> <span class='ocrx_word' id='word_1_250' title='bbox 1404 1994 1469 2030; x_wconf 44' lang='lat' dir='ltr'>cetu</span> <span class='ocrx_word' id='word_1_251' title='bbox 1490 1971 1497 1986; x_wconf 67' lang='lat'>⁷</span> 
     </span>
     <span class='ocr_line' id='line_1_50' title="bbox 296 2013 1429 2076; baseline 0.016 -26"><span class='ocrx_word' id='word_1_252' title='bbox 296 2013 353 2050; x_wconf 75' lang='lat' dir='ltr'>QUI</span> <span class='ocrx_word' id='word_1_253' title='bbox 376 2014 529 2066; x_wconf 48' lang='lat' dir='ltr'>{Ullssfssflm</span> <span class='ocrx_word' id='word_1_254' title='bbox 554 2025 703 2055; x_wconf 81' lang='lat' dir='ltr'>vn&#39;glnem</span> <span class='ocrx_word' id='word_1_255' title='bbox 893 2030 930 2061; x_wconf 89' lang='lat' dir='ltr'>V.</span> <span class='ocrx_word' id='word_1_256' title='bbox 959 2032 1090 2063; x_wconf 86' lang='lat' dir='ltr'>Hostem</span> <span class='ocrx_word' id='word_1_257' title='bbox 1116 2034 1207 2065; x_wconf 83' lang='lat' dir='ltr'>docta</span> <span class='ocrx_word' id='word_1_258' title='bbox 1230 2036 1328 2066; x_wconf 77' lang='lat' dir='ltr'>sensit</span> <span class='ocrx_word' id='word_1_259' title='bbox 1352 2045 1429 2076; x_wconf 90' lang='lat' dir='ltr'>esse,</span> 
     </span>
     <span class='ocr_line' id='line_1_51' title="bbox 295 2057 1504 2117; baseline 0.017 -22"><span class='ocrx_word' id='word_1_260' title='bbox 295 2057 408 2089; x_wconf 68' lang='lat' dir='ltr'>Effeffi</span> <span class='ocrx_word' id='word_1_261' title='bbox 430 2060 490 2090; x_wconf 83' lang='lat' dir='ltr'>Slbl</span> <span class='ocrx_word' id='word_1_262' title='bbox 513 2065 691 2100; x_wconf 69' lang='lat' dir='ltr'>martyrem·</span> <span class='ocrx_word' id='word_1_263' title='bbox 963 2077 1059 2115; x_wconf 81' lang='lat' dir='ltr'>Quem</span> <span class='ocrx_word' id='word_1_264' title='bbox 1080 2079 1319 2117; x_wconf 86' lang='lat' dir='ltr'>adprehendens</span> <span class='ocrx_word' id='word_1_265' title='bbox 1334 2082 1504 2116; x_wconf 86' lang='lat' dir='ltr'>indefessa.</span> 
     </span>
     <span class='ocr_line' id='line_1_52' title="bbox 352 2160 1376 2209; baseline 0.017 -19"><span class='ocrx_word' id='word_1_266' title='bbox 352 2160 398 2191; x_wconf 90' lang='lat' dir='ltr'>In</span> <span class='ocrx_word' id='word_1_267' title='bbox 424 2160 453 2192; x_wconf 91' lang='lat'>1.</span> <span class='ocrx_word' id='word_1_268' title='bbox 480 2161 704 2197; x_wconf 80' lang='lat' dir='ltr'>Nocturno.</span> <span class='ocrx_word' id='word_1_269' title='bbox 1023 2169 1067 2200; x_wconf 86' lang='lat' dir='ltr'>In</span> <span class='ocrx_word' id='word_1_270' title='bbox 1093 2172 1124 2202; x_wconf 84' lang='lat'>2.</span> <span class='ocrx_word' id='word_1_271' title='bbox 1150 2170 1376 2209; x_wconf 78' lang='lat' dir='ltr'>Nocturno.</span> 
     </span>
     <span class='ocr_line' id='line_1_53' title="bbox 435 2233 1294 2280; baseline 0.016 -21"><span class='ocrx_word' id='word_1_272' title='bbox 435 2233 625 2269; x_wconf 80' lang='lat' dir='ltr'>Antiphonae.</span> <span class='ocrx_word' id='word_1_273' title='bbox 1103 2244 1294 2280; x_wconf 82' lang='lat' dir='ltr'>Antiphonae.</span> 
     </span>
     <span class='ocr_line' id='line_1_54' title="bbox 238 2288 1426 2343; baseline 0.018 -26"><span class='ocrx_word' id='word_1_274' title='bbox 238 2288 267 2319; x_wconf 85' lang='lat'>1.</span> <span class='ocrx_word' id='word_1_275' title='bbox 293 2288 414 2319; x_wconf 81' lang='lat' dir='ltr'>Iuliana</span> <span class='ocrx_word' id='word_1_276' title='bbox 438 2289 627 2329; x_wconf 83' lang='lat' dir='ltr'>desponsata</span> <span class='ocrx_word' id='word_1_277' title='bbox 906 2298 935 2329; x_wconf 85' lang='lat'>1.</span> <span class='ocrx_word' id='word_1_278' title='bbox 959 2299 1131 2337; x_wconf 82' lang='lat' dir='ltr'>Requisivit</span> <span class='ocrx_word' id='word_1_279' title='bbox 1156 2302 1244 2343; x_wconf 88' lang='lat' dir='ltr'>virgo</span> <span class='ocrx_word' id='word_1_280' title='bbox 1270 2306 1426 2343; x_wconf 87' lang='lat' dir='ltr'>prudens:</span> 
     </span>
    </p>
   </div>
   <div class='ocr_carea' id='block_1_15' title="bbox 541 2332 1116 2453">
    <p class='ocr_par' dir='ltr' id='par_1_18' title="bbox 541 2332 1116 2453">
     <span class='ocr_line' id='line_1_55' title="bbox 635 2332 1102 2397; baseline 0 -32"><span class='ocrx_word' id='word_1_281' title='bbox 635 2332 1102 2397; x_wconf 95' lang='lat' dir='ltr'>  </span> 
     </span>
     <span class='ocr_line' id='line_1_56' title="bbox 541 2397 1116 2453; baseline 0.005 -3"><span class='ocrx_word' id='word_1_282' title='bbox 541 2397 1116 2453; x_wconf 95' lang='lat' dir='ltr'>  </span> 
     </span>
    </p>
   </div>
   <div class='ocr_carea' id='block_1_16' title="bbox 293 2333 659 2376">
    <p class='ocr_par' dir='ltr' id='par_1_19' title="bbox 293 2333 659 2376">
     <span class='ocr_line' id='line_1_57' title="bbox 293 2333 659 2376; baseline 0.016 -12"><span class='ocrx_word' id='word_1_283' title='bbox 293 2333 436 2366; x_wconf 82' lang='lat' dir='ltr'>Senatori</span> <span class='ocrx_word' id='word_1_284' title='bbox 458 2336 520 2367; x_wconf 82' lang='lat' dir='ltr'>iam</span> <span class='ocrx_word' id='word_1_285' title='bbox 543 2341 635 2376; x_wconf 84' lang='lat' dir='ltr'>poten</span> <span class='ocrx_word' id='word_1_286' title='bbox 653 2340 659 2346; x_wconf 96' lang='grc'><em>“</em></span> 
     </span>
    </p>
   </div>
   <div class='ocr_carea' id='block_1_17' title="bbox 742 2403 848 2417">
    <p class='ocr_par' dir='ltr' id='par_1_20' title="bbox 742 2403 848 2417">
     <span class='ocr_line' id='line_1_58' title="bbox 742 2403 848 2417; baseline 0.009 -8"><span class='ocrx_word' id='word_1_287' title='bbox 742 2413 745 2417; x_wconf 73' lang='lat'>,</span> <span class='ocrx_word' id='word_1_288' title='bbox 757 2403 848 2414; x_wconf 43' lang='lat' dir='ltr'>...a-fi.</span> 
     </span>
    </p>
   </div>
   <div class='ocr_carea' id='block_1_18' title="bbox 540 2450 1116 2542">
    <p class='ocr_par' dir='ltr' id='par_1_21' title="bbox 540 2450 1116 2542">
     <span class='ocr_line' id='line_1_59' title="bbox 540 2450 1116 2506; baseline 0 -9"><span class='ocrx_word' id='word_1_289' title='bbox 540 2450 1116 2506; x_wconf 95' lang='lat' dir='ltr'>    </span> 
     </span>
     <span class='ocr_line' id='line_1_60' title="bbox 540 2506 750 2542; baseline 0 0"><span class='ocrx_word' id='word_1_290' title='bbox 540 2506 750 2542; x_wconf 95' lang='lat' dir='ltr'> </span> 
     </span>
    </p>
   </div>
   <div class='ocr_carea' id='block_1_19' title="bbox 713 2462 961 2539">
    <p class='ocr_par' dir='ltr' id='par_1_22' title="bbox 713 2462 961 2539">
     <span class='ocr_line' id='line_1_61' title="bbox 713 2462 961 2486; baseline -0.008 0"><span class='ocrx_word' id='word_1_291' title='bbox 713 2464 761 2486; x_wconf 73' lang='lat' dir='ltr'>ST.</span> <span class='ocrx_word' id='word_1_292' title='bbox 786 2462 961 2486; x_wconf 66' lang='lat' dir='ltr'>mom-ewa</span> 
     </span>
     <span class='ocr_line' id='line_1_62' title="bbox 750 2517 898 2539; baseline -0.007 0"><span class='ocrx_word' id='word_1_293' title='bbox 750 2517 898 2539; x_wconf 54' lang='lat' dir='ltr'>coi-neae</span> 
     </span>
    </p>
   </div>
   <div class='ocr_carea' id='block_1_20' title="bbox 540 2453 786 2498">
    <p class='ocr_par' dir='ltr' id='par_1_23' title="bbox 540 2453 786 2498">
     <span class='ocr_line' id='line_1_63' title="bbox 540 2453 786 2498; baseline 0 -1"><span class='ocrx_word' id='word_1_294' title='bbox 540 2453 786 2498; x_wconf 95' lang='lat' dir='ltr'>   </span> 
     </span>
    </p>
   </div>
   <div class='ocr_carea' id='block_1_21' title="bbox 898 2506 1115 2542">
    <p class='ocr_par' dir='ltr' id='par_1_24' title="bbox 898 2506 1115 2542">
     <span class='ocr_line' id='line_1_64' title="bbox 898 2506 1115 2542; baseline 0 0"><span class='ocrx_word' id='word_1_295' title='bbox 898 2506 1115 2542; x_wconf 95' lang='lat' dir='ltr'> </span> 
     </span>
    </p>
   </div>
  </div>
 </body>
</html>
