1650 2542
706 139 865 173 —267
919 159 960 163 ——

265 225 349 253 Brev.
368 235 421 254 ms.
441 228 663 258 Franciseanum
686 240 760 259 saec.
783 230 828 260 15.
872 233 939 261 Cod.
959 234 1081 262 Parisin.
1105 233 1185 262 1314.
1204 235 1239 261 A.
1259 250 1296 254 -—
1311 236 1392 263 Brev.
1414 245 1467 263 ms.

190 261 413 291 Franciscanum
439 273 513 292 saec.
543 265 586 293 15.
627 268 695 295 Ood.
716 270 848 297 Vatican.
868 269 951 298 4759.
970 272 994 299 B
1015 286 1050 290 —-
1070 273 1152 299 Brev.
1174 281 1224 299 ms.
1247 273 1468 300 Franciscanum

187 306 262 326 saec.
291 299 334 327 15.
380 300 447 328 Cod.
476 303 658 338 Neapolitan.
685 307 700 333 I
725 307 749 333 Β
777 305 820 334 23.
848 308 878 335 C.
903 324 940 328 —
965 309 1048 336 Brev.
1074 310 1234 337 Romanum
1263 311 1331 345 imp.
1359 310 1468 345 Papiae

189 334 270 363 1494.
297 338 333 364 D.
354 352 391 356 —
412 339 495 366 Brev.
523 340 701 370 Granatense
727 344 795 380 imp.
816 346 961 373 Granatae
982 345 1061 373 1506.
1085 347 1121 373 Ε.
1142 362 1176 366 -
1206 348 1287 373 Brev.
1307 347 1468 374 Romanum

185 374 253 408 imp.
274 374 404 401 Venetiis
427 373 506 403 15:21.
527 377 558 403 F.

261 411 300 437 In
321 410 345 438 1.
366 412 471 449 Vesp.
492 413 539 440 ΑΑ
560 424 646 450 super
662 418 707 444 Ps.
728 419 783 446 wie
801 420 832 446 in
853 419 908 446 den
927 420 1049 447 Laudes.
1071 435 1106 439 -
1125 421 1169 448 Ad
1189 422 1284 457 Magn.
1309 420 1329 446 Α
1351 422 1374 447 s)
1397 422 1466 448 felix

185 447 319 475 Mai-Silia
339 451 391 475 etc.
412 450 450 483 F?
473 452 603 479 entlelmt
616 462 668 481 aus
682 454 746 482 dem
761 455 892 483 Officium
907 458 957 484 Nr.
967 455 1012 484 94.
1027 472 1063 476 —
1083 458 1169 485 Invit.
1183 456 1200 485 3
1220 467 1271 493 per
1291 458 1361 485 fehlt
1380 459 1411 486 F.

184 485 224 511 In
244 482 270 510 2.
290 485 389 512 Noet.
413 485 430 511 Α
453 485 475 520 1,
497 489 514 515 3
535 490 625 517 Sacra
644 492 768 526 probant
786 493 817 520 F.
837 508 875 513 —
894 492 916 520 Α
937 492 963 525 3,
982 493 1001 521 4
1020 496 1096 530 regis
1115 496 1239 522 honorat
1255 495 1372 522 decorat
1383 496 1416 523 F.
1430 510 1466 514 —

183 521 224 548 In
243 522 355 549 Laud.
377 521 398 548 Α
422 522 446 556 1,
471 523 484 551 1
510 534 552 561 sq.
572 527 728 563 Languida
746 530 793 557 vel
813 532 878 557 iura
895 531 997 558 inclita
1015 540 1104 567 regna
1116 532 1172 559 BC.
1186 546 1223 550 —
1244 531 1265 557 Α
1288 531 1311 565 1,
1332 530 1349 559 3
1369 534 1464 560 Motus

185 566 282 585 amore
301 559 358 587 BC.
379 575 416 579 -—
441 560 462 587 Α
484 561 515 595 2,
540 561 557 590 3
579 564 655 597 Quia
682 568 732 593 tua
746 567 802 593 BF.
825 582 857 585 —
879 566 901 593 Α
923 566 954 601 2,
979 567 999 595 4
1019 570 1147 596 tribiusti
1173 569 1245 596 fehlt.
1262 569 1293 596 F.
1315 584 1351 588 —
1372 571 1466 597 Hiezu

188 595 235 622 die
254 597 390 631 Hymnen
409 599 494 626 Anal.
515 601 556 628 XI
578 602 627 628 Nr.
648 600 805 631 334—336.

259 633 320 660 Aus
335 634 443 662 diesem
457 636 598 670 Officium,
613 640 702 666 sowie
715 640 770 667 den
784 641 978 677 zugeho'rigen
989 642 1130 676 Hymnvm
1145 644 1185 670 ist
1198 644 1243 670 ein
1258 653 1266 668 2.
1283 652 1317 677 >gn
1327 643 1465 671 Stunden-

185 670 243 697 lied
262 671 398 706 gebssdet,
423 672 473 700 das
494 675 555 701 sieh
576 674 665 702 findat
683 678 713 703 in
734 679 811 705 Orat.
832 687 883 705 mS.
905 679 1047 706 Gallicum
1072 687 1146 706 saec.
1168 678 1211 706 15.
1250 679 1316 707 Cod.
1342 681 1465 716 Brugen.

181 704 247 741 321,
268 708 401 743 beginnt:
427 711 539 738 sinceri
558 714 624 747 puri
644 716 727 748 pueri
747 717 799 741 etc.
819 715 878 742 und
899 714 935 743 62
954 716 1044 743 Verre
1064 717 1149 744 z'ahlt.

571 802 616 832 93.
647 802 689 833 De
710 812 732 834 s.
752 804 902 836 Ludovico
922 805 1080 845 Episcopo.

315 868 361 899 In
387 868 417 901 1.
444 870 548 909 Vesp
561 871 651 903 eris.
923 873 1104 906 Confutavit

968 920 1124 951 Minorum
1149 922 1225 960 acic,

393 969 583 1005 Antiphonae.
919 965 959 996 Se
984 967 1142 1005 deponens

965 1013 1100 1043 laetatur
1123 1013 1257 1043 numinis

918 1059 1052 1090 Consors
1077 1057 1178 1089 factus

965 1113 1060 1143 regno
1084 1105 1233 1136 laetitiae.

190 1043 220 1076 1.
248 1044 436 1084 Ludovicus‚
463 1047 544 1077 filius

293 1092 390 1130 Regis
414 1093 596 1131 sempiterni

245 1137 276 1167 A
303 1137 422 1168 dextris
448 1139 610 1170 sublimius

293 1183 413 1214 Throni
436 1187 501 1216 stat
524 1187 657 1224 paterni.

189 1239 220 1269 2.
247 1237 415 1270 confessor
438 1239 490 1270 hic
512 1240 704 1283 magnificus,

292 1284 330 1315 In
353 1284 480 1317 Domlni
505 1287 617 1319 timore

244 1331 419 1371 Fmdatus,
445 1335 479 1363 ut
505 1334 554 1364 vir
578 1334 712 1365 caelicus

290 1377 442 1410 Excrevit
462 1379 495 1410 in
520 1389 634 1412 amore.

187 1435 217 1467 3.
243 1433 404 1472 Dispersit
429 1434 506 1465 dans
531 1437 721 1474 pauperibus

288 1480 414 1511 lustitia
436 1479 588 1521 firmatus,

245 1526 362 1564 Quibus
386 1526 506 1558 relictis
531 1529 673 1561 omnibus

287 1573 364 1605 Fuit
387 1573 588 1608 assimilatus,

183 1630 214 1660 4.
241 1628 400 1661 Laudavit
422 1639 502 1668 pure
525 1631 702 1670 Dominum,

288 1676 384 1714 Quem
410 1685 448 1707 ex
470 1677 533 1709 alto
558 1679 700 1717 respexit

242 1722 343 1753 Verus
367 1725 460 1762 pater
485 1724 646 1756 humilium

285 1769 330 1800 Et
353 1770 476 1809 superis
499 1771 630 1803 invexit.

183 1825 213 1856 5.
240 1824 290 1855 Ab
315 1825 471 1856 universis
495 1827 620 1866 populis

287 1871 354 1902 Deo
378 1872 446 1902 laus
470 1874 628 1912 gaudiosa,

239 1918 308 1957 Pia,
334 1917 460 1950 fervens
486 1922 517 1950 et
541 1920 666 1951 humilis

285 1965 387 1996 Detur
411 1974 449 1997 ac
472 1966 616 1998 iubilosa.

355 2058 401 2085 Ad
419 2058 596 2095 Magnificat.

165 2135 205 2167 A.
232 2134 421 2177 Ludovieus‚

286 2181 445 2213 vasculum
471 2182 606 2224 luminis,

236 2227 380 2258 Imitatus

283 2273 381 2304 solem
405 2275 554 2317 iustitiae,

236 2320 407 2353 Mundialis

283 2370 442 2406 sceptrum
468 2370 628 2409 regiminis

980 1244 1042 1275 Ad
1065 1244 1329 1277 Matutinum.

1050 1336 1261 1363 Invitatorium.

919 1401 1047 1444 Regem,
1074 1402 1127 1441 qui
1151 1403 1233 1442 regit
1257 1403 1360 1435 omnia

964 1449 1032 1479 Vox
1058 1449 1143 1480 cordi
1172 1457 1300 1480 concors
1322 1450 1437 1492 laudet,

920 1495 958 1526 In
984 1495 1070 1526 ouius
1095 1498 1220 1526 sanctus
1245 1496 1346 1535 gloria

962 1540 1142 1573 Ludovicus
1169 1543 1351 1582 congaudet.

975 1680 1021 1712 In
1047 1682 1077 1713 1.
1104 1681 1331 1714 Nocturno.

1062 1774 1255 1810 Antiphonae.

882 1866 889 1873 .
915 1840 1031 1871 Beatus
1053 1841 1102 1872 vir
1128 1842 1201 1873 dum
1226 1842 1405 1873 cathedram

960 1887 1110 1927 Regalem
1135 1891 1329 1930 aspernatur,

915 1932 1049 1965 Divinae
1069 1934 1148 1974 legis
1172 1935 1320 1966 exedram

959 1980 1133 2012 Ferventer
1157 1982 1365 2021 amplexatur.

879 2059 886 2066 .
914 2036 937 2067 O
963 2044 1062 2077 reges,
1089 2037 1272 2077 intellegite,

958 2084 1080 2115 Timete
1105 2087 1286 2125 creatorem,

913 2130 1068 2169 Exemplo
1093 2132 1194 2162 sancti
1219 2132 1330 2163 discite

959 2179 1077 2208 Amare
1100 2178 1341 2218 redemptorem.

878 2257 885 2265 .
915 2232 1059 2272 Suscepit
1083 2237 1224 2265 sanctum
1249 2235 1400 2266 Dominus

957 2279 1111 2312 Exaltans
1137 2281 1281 2321 gloriose,

911 2326 1007 2365 Quem
1031 2327 1083 2358 hic
1107 2337 1126 2359 a
1149 2328 1371 2359 tribulantibus

958 2372 1112 2405 Defendit
1135 2375 1282 2406 virtuose.
