1650 2542
779 150 1009 184 -68—

1101 241 1146 267 Ad
1165 240 1349 268 Benedictus.

921 288 959 319 A.
988 288 1177 319 Benedictus
1201 287 1244 318 sit
1265 286 1419 318 Dominus

990 333 1124 365 Suornm
1146 336 1238 372 pater
1263 335 1295 363 et
1319 332 1414 375 Deus,

273 248 303 279 2.
330 245 440 277 Gordis
463 245 609 283 vocisque
631 243 727 275 iubilo

330 291 452 322 Servite
475 290 542 322 Deo
566 290 709 329 Domino,

330 336 423 369 Cuius
446 336 576 367 intravit
601 334 749 366 confitens

329 384 440 414 Portas
464 382 516 413 hic
539 384 663 413 sanctus
687 379 838 420 pontifeX.

298 492 305 499 .
331 466 383 497 Ad
407 467 439 495 te
464 466 504 497 dc
525 466 596 495 luce
618 464 750 502 vigilans

329 513 444 549 Teque,
469 511 564 550 Deus,
591 509 772 540 desiderans

331 556 498 595 Susceptus
524 558 572 586 est
594 565 614 586 a
638 555 777 597 dextera,

327 602 403 633 Post
422 610 512 639 quam
532 601 676 632 adhaesit
698 609 785 632 mens
798 610 863 633 sua.

293 709 300 716 .
326 684 491 715 Beatorum
517 684 712 715 sacerdotum

328 729 445 761 Chorus
469 729 635 761 benedicat
657 730 757 761 Deum

325 775 361 806 In
386 778 493 806 sancto
515 776 619 807 laudis
642 775 740 807 iubilo

325 821 418 852 Tanti
442 821 502 852 viri
526 822 691 853 consortio.

294 931 300 937 .
326 903 451 935 Laudet
473 904 573 936 omnis
599 906 743 935 creatura

323 950 384 981 Dei
406 950 506 981 nostri
528 951 693 992 magnalia,

325 996 384 1026 Per
410 1004 500 1035 quem
523 996 640 1035 gaudet
656 996 863 1028 Godehardus

325 1043 362 1073 In
385 1046 561 1073 sanctorum
588 1042 750 1074 cubilibus.

989 380 1040 411 Ad
1066 388 1157 419 quem
1181 379 1326 410 ascendit
1349 379 1444 410 hodie

990 426 1121 457 Praesul
1146 425 1259 464 dignae
1283 423 1452 456 memoriae

989 473 1079 504 Dono
1103 480 1178 502 suae
1201 471 1328 509 pietatis

990 518 1137 549 Directus
1160 518 1194 548 in
1218 517 1302 549 viam
1325 517 1424 556 pacis.

1054 611 1099 642 In
1124 612 1156 642 2.
1181 610 1395 649 Vesperis.

1106 673 1151 700 Ad
1168 673 1345 709 Mag-nificat.

952 746 958 753 .
988 721 1013 753 O
1037 730 1149 760 magna
1174 721 1292 753 Christi
1315 721 1426 762 gratia,

989 767 1111 798 Devote
1133 765 1347 808 glorificanda,

990 813 1047 851 Qui
1072 812 1222 845 famulum
1247 822 1336 845 suum
1362 813 1469 844 multis

991 858 1155 891 Glorificat
1176 859 1347 899 miraculis,

991 905 1181 937 Succurrens
1206 906 1325 937 cunctis
1350 906 1437 936 illius

992 951 1148 991 Suffragia
1171 952 1361 991 petentibus,

991 997 1049 1029 Cui
1071 998 1140 1029 laus
1164 998 1207 1029 sit
1230 1000 1262 1029 et
1283 997 1451 1037 imperium

988 1044 1052 1075 Per
1075 1044 1201 1076 saecula
1223 1045 1428 1078 saeculorum.

329 1105 445 1140 Antiph.
468 1113 520 1131 ms.
540 1105 815 1142 Brandenburgense
840 1115 914 1134 saec.
941 1105 984 1134 13.
1025 1107 1093 1134 Cod.
1112 1108 1274 1135 Berolinen.
1294 1108 1356 1135 Fol.
1378 1106 1442 1135 218.
1465 1108 1531 1135 add.

255 1150 329 1169 saec.
357 1140 398 1169 15.
418 1155 455 1159 —
473 1142 514 1168 In
546 1140 569 1168 1.
595 1142 691 1169 Noct.
712 1141 734 1168 Α
762 1141 785 1176 1,
809 1142 822 1170 1
842 1144 927 1171 Fehlt
950 1145 1014 1171 eine
1033 1145 1126 1179 Silbe3
1153 1146 1198 1171 vir
1214 1146 1339 1180 erganzt.
1360 1159 1396 1163 —
1417 1143 1439 1171 Α
1465 1143 1492 1178 3,
1511 1144 1531 1172 4

255 1181 383 1205 novetur.
403 1193 440 1197 —
462 1176 483 1204 R
503 1177 529 1212 2,
552 1177 569 1205 2
587 1180 717 1214 gratiam.
732 1195 768 1199 —
789 1178 809 1206 R
830 1179 855 1213 3,
878 1179 893 1207 1
914 1182 937 1209 O
958 1182 1013 1208 celi
1031 1183 1134 1209 meriti.
1149 1196 1184 1200 —
1203 1183 1243 1209 In
1263 1180 1290 1210 3.
1309 1182 1411 1209 Noct.
1430 1180 1450 1208 R
1471 1180 1498 1215 3,
1512 1181 1529 1209 6

256 1224 344 1250 supra
363 1217 448 1242 astra.
468 1230 504 1234 —
523 1216 564 1243 In
584 1216 660 1243 Lau
668 1216 695 1243 d.
716 1215 738 1243 Α
758 1216 785 1250 4,
806 1216 823 1243 2
842 1218 995 1245 benedicat
1013 1227 1085 1246 eum.
1105 1235 1142 1239 —
1161 1220 1295 1254 Hymnus
1316 1219 1369 1254 „de
1388 1228 1529 1247 resurrec-

253 1254 333 1279 tione
350 1253 397 1279 vel
417 1250 611 1280 ascensione.“

683 1342 729 1373 23.
760 1342 803 1374 De
822 1345 929 1375 sancto
951 1344 1083 1376 Goerico.

387 1409 433 1440 In
459 1409 489 1441 1.
516 1409 727 1449 Vesperis.

437 1472 481 1499 Ad
502 1473 676 1509 Magnificat.

256 1519 294 1549 A.
324 1518 410 1550 Almi
437 1520 536 1557 patris

370 1565 402 1595 in
424 1566 568 1597 natalitio

325 1610 504 1642 Hilarescat

369 1657 510 1688 caelestis
535 1659 647 1698 contio,

321 1702 440 1733 Psallat
468 1704 568 1734 clerus

367 1746 499 1779 ferventi
523 1749 637 1789 studio,

324 1793 369 1825 Ut
396 1794 441 1825 sic
466 1797 587 1826 crescat

372 1840 472 1878 plebis
498 1841 632 1884 devotio,

325 1885 517 1924 Spinalensis

369 1933 503 1964 exsultet
525 1935 620 1972 natio,

321 1978 415 2009 Tanti
439 1979 521 2018 regis

366 2026 434 2055 tuta
456 2025 625 2064 praesidio,

384 2116 444 2147 Ad
467 2116 727 2152 Matutinum.

451 2171 661 2199 Invitatorium.

318 2217 405 2249 Mira
428 2218 539 2249 decent
561 2222 662 2251 metra

368 2267 548 2303 regnantem
579 2266 658 2297 lucis
681 2267 715 2299 in
739 2270 858 2311 aethra,

324 2310 382 2348 Qui
406 2313 438 2341 te
461 2310 593 2343 mirifice

372 2357 541 2397 decoravit,
566 2368 625 2392 rex
647 2359 788 2397 Goerice.

1039 1415 1085 1446 In
1112 1415 1142 1447 1.
1168 1415 1398 1450 Nocturno.

1127 1507 1319 1542 Antiphonae.

931 1581 961 1613 1.
988 1581 1045 1613 Vir
1068 1581 1179 1612 beatus
1205 1590 1273 1612 cum
1298 1581 1398 1613 beatis

1033 1626 1177 1658 Gloriose
1194 1627 1282 1667 vivit,

985 1674 1081 1711 Quem
1105 1673 1287 1712 praeclarae
1309 1674 1482 1706 maiestatis

1031 1719 1176 1750 Thronus
1199 1719 1371 1759 insignivit.

931 1776 961 1806 2.
987 1774 1110 1805 Fremit
1133 1773 1279 1814 frequens
1304 1776 1449 1816 populus,

1036 1820 1231 1860 obstupescit
1253 1822 1361 1862 signis,

987 1867 1104 1905 Quibus
1130 1867 1240 1899 crebro
1264 1868 1371 1900 radiat

1030 1912 1174 1953 pontifex
1196 1914 1338 1954 insignis.

928 1970 959 2001 3.
985 1969 1112 2000 Domini
1136 1970 1305 2009 multiplici

1032 2016 1134 2055 gratia
1159 2016 1276 2048 ditatus

984 2062 1099 2093 Tenuit
1121 2062 1313 2102 multiplices

1030 2110 1135 2140 terrae
1163 2109 1368 2150 principatus.

1117 2201 1322 2235 Responsoria.

930 2274 963 2307 1.
988 2274 1095 2306 Primo
1118 2276 1220 2315 gradu
1246 2277 1434 2317 dignitatum

985 2320 1051 2353 Dat
1072 2321 1200 2360 primati
1225 2324 1404 2357 comitatum

1031 2367 1124 2401 Felix
1148 2369 1329 2412 Aquitania,
