1650 2542
750 136 999 171 —230-

310 234 435 265 Vultum
459 241 546 265 suum
571 240 639 263 cum
662 230 763 270 gratia
972 228 1022 259 De
1045 227 1146 259 salute
1171 226 1355 267 desperatis,

308 282 345 312 In
368 280 461 311 beata
483 279 592 319 gloria.
972 273 1059 305 Mole
1082 274 1191 305 mortis
1215 273 1389 305 molestatis

253 337 284 368 4.
309 335 480 367 Mundialis
505 332 644 364 fabficae
970 320 1117 372 D1V131an}
1140 321 1327 352 medmmam

309 381 432 413 Gaudet
453 379 649 416 universitas,
971 366 1126 419 Adh1b¹ll¹3
1260 413 1267 419 ι
1315 413 1321 418 ¹

308 427 363 465 Te,
387 427 480 457 beata
502 424 636 463 trinitas,
971 412 1015 443 Et
1038 415 1202 444 sanitatem
1227 412 1348 446 tr1bu1t.

307 472 471 504 Benedicit
498 473 529 501 et
554 469 690 500 condicit

308 518 379 549 Tibi
402 516 511 548 landes
537 515 668 548 debitas.
1037 524 1083 555 In
1109 525 1139 555 2.
1167 523 1379 562 vesperis.

251 574 281 605 5.
307 572 430 604 Laudet
451 574 491 613 te,
518 579 573 601 rex
598 570 725 609 gloriae,
1082 595 1127 622 Ad
1145 596 1313 632 Magnificat-

310 618 424 650 Sancta
446 626 507 649 vox
532 616 681 648 ecclesiae
1307 616 1321 658 1·

308 664 529 696 Sollemnizans
553 662 648 694 hodie
903 653 943 685 A·
974 652 997 683 0
1023 655 1130 682 sanote
1153 651 1393 704 rex-{qdlslaffi

306 710 399 742 Dulci
419 718 495 742 voce
517 708 679 740 melodiae.
972 698 997 729 Ο
1023 698 1166 750 Cpllffmssa
1189 698 1322 729 mllltlae

974 743 1178 786 Christianae,

423 809 468 836 Ad
486 809 666 836 Benedictus.
973 790 997 822 Ο
1021 789 1200 821 firmlsslma
1285 837 1292 843 ι

1020 845 1091 875 spes
1115 839 1188 868 tuae
1209 839 1321 876 gentis,

237 886 275 916 A.
306 885 494 916 Benedictus
520 887 568 915 est
590 884 740 923 salvator,
974 882 1101 914 Intuere
1126 883 1320 914 devotionem

308 931 455 962 Sanitatis
479 936 652 971 reparator,
1020 929 1128 968 populi
1153 932 1185 960 te
1209 930 1387 968 quaerentis

307 978 395 1009 Iesus
420 976 570 1016 Christus,
601 976 653 1014 qui
677 975 801 1006 beatum
974 975 1017 1006 Et
1040 975 1097 1006 sub
1122 978 1208 1006 tuum
1232 976 1424 1015 praesidium

305 1022 487 1054 Ladislaum
512 1023 678 1053 sanitatum
1022 1019 1238 1063 confugientis,

307 1068 479 1100 Decoravit
502 1068 611 1109 gratia,
975 1067 999 1098 Ο
1024 1068 1210 1110 misericors,

307 1114 365 1152 Qui
384 1114 463 1145 mira
482 1114 622 1153 potentia
1021 1114 1269 1145 misericordiam
1294 1118 1468 1154 consecute,

306 1160 417 1191 Multis
441 1159 684 1199 aegrotantibus,
972 1160 1138 1191 Intercede
1161 1169 1218 1199 pro
1242 1164 1351 1191 nostra

309 1206 514 1244 Pluribusque
539 1205 693 1236 debilibus
1019 1206 1215 1245 omniumque
1237 1206 1348 1239 salute.

312 1270 393 1296 Brev.
420 1277 472 1295 ms.
496 1269 622 1295 Albense
647 1276 720 1295 saec.
742 1267 784 1295 15.
831 1268 899 1295 Cod.
926 1269 1098 1296 Lambacen.
1124 1269 1289 1297 LXXXIX·
1315 1271 1350 1298 A.
1375 1285 1412 1289 —
1436 1272 1520 1299 Brev-

238 1314 290 1332 ωε.
311 1306 436 1332 Albense
459 1314 533 1332 saec.
557 1304 600 1332 15.
642 1304 708 1332 Cod.
728 1305 950 1332 Liechtenstein.
977 1306 992 1333 I
1015 1305 1034 1332 4
1059 1304 1102 1333 12.
1124 1309 1155 1335 B.
1184 1322 1220 1326 —
1240 1307 1324 1334 Brev.
1344 1316 1396 1334 ms.
1416 1309 1518 1336 Wara-

239 1343 336 1369 <linens
390 1344 458 1369 anni
489 1341 567 1369 1460.
618 1341 687 1368 Cod-
719 1343 851 1369 Vatican.
883 1340 966 1369 8247.
997 1342 1026 1369 C.
1058 1357 1095 1361 —
1126 1344 1209 1370 BreV.
1238 1353 1290 1371 ms.
1321 1344 1519 1380 Strigoniense

239 1387 311 1406 eaeo.
334 1378 376 1406 15.
416 1379 483 1406 Cod.
502 1379 626 1406 Parisin.
647 1376 729 1406 8879.
748 1380 784 1406 D.
811 1394 847 1398 —
872 1380 954 1406 Brev.
975 1388 1026 1406 ms.
1048 1379 1246 1416 Strigoniense
1266 1389 1340 1408 saec.
1365 1381 1408 1409 15.
1448 1383 1517 1410 Cod.

236 1417 328 1443 Palat.
347 1416 545 1443 Vindobonen.
574 1413 653 1442 1481.
678 1416 713 1442 E.
739 1432 762 1436 --
801 1416 883 1443 Brev.
913 1425 964 1443 ms.
985 1416 1184 1452 Strigoniense
1209 1415 1243 1453 (‘?)
1268 1426 1343 1446 saec.
1365 1417 1408 1446 15.
1448 1420 1518 1447 God.

235 1453 285 1479 lat.
311 1453 384 1480 Mus.
413 1453 573 1489 Hungarici
598 1450 643 1479 33.
668 1454 700 1480 F.
726 1469 763 1472 —
786 1453 869 1480 Brev.
895 1462 947 1480 ms.
974 1454 1173 1489 Strigoniense
1199 1454 1236 1489 (2²)
1260 1463 1335 1482 saec.
1358 1455 1400 1483 15.
1449 1456 1517 1484 Cod.

235 1490 309 1516 Mus.
331 1491 492 1524 Hungarici
520 1487 580 1516 132.
607 1489 641 1516 G.
666 1505 701 1509 —
725 1491 808 1518 Brev.
834 1499 886 1517 ms.
906 1490 1072 1518 Sedunense
1096 1500 1170 1519 saec.
1194 1491 1237 1519 15.
1281 1493 1349 1520 Cod.
1369 1494 1516 1521 Valerian.

236 1535 257 1552 π.
280 1535 307 1552 n.
327 1527 365 1553 Η.
384 1542 419 1545 -
437 1527 520 1553 Brev.
542 1526 734 1559 Zag-rabiense
753 1529 820 1562 imp.
840 1527 970 1554 Venetiis
992 1526 1071 1555 1505.
1092 1529 1115 1555 Ι.

307 1563 348 1590 In
369 1562 394 1589 1.
413 1563 502 1590 Noct
524 1562 545 1588 A
568 1561 592 1595 1,
608 1562 623 1589 1
642 1566 785 1591 consentit
797 1565 829 1591 A.
850 1580 886 1583 —
906 1563 929 1590 A
952 1564 976 1597 1,
990 1563 1008 1592 3
1023 1565 1126 1592 Christi
1148 1567 1230 1600 virgo
1243 1567 1278 1593 A.
1294 1581 1330 1585 —
1352 1565 1371 1593 R
1387 1565 1413 1600 2,
1430 1566 1448 1594 2
1461 1576 1514 1603 sq.:

233 1600 268 1627 In
293 1600 421 1626 ecclesiis
441 1600 533 1627 Deum
558 1601 570 1626 i
591 1601 663 1627 niter
686 1601 824 1628 excrabat
841 1601 881 1635 A;
907 1602 1063 1629 Dominum
1091 1604 1261 1630 obsecrabat
1277 1604 1312 1631 E..
1340 1618 1378 1622 —
1404 1603 1424 1630 R
1452 1603 1479 1638 3,
1500 1603 1518 1632 8

233 1637 412 1663 Lenitamen.
432 1636 465 1663 A.
485 1652 518 1656 -
543 1634 562 1662 Β
607 1657 613 1670 ,
631 1635 664 1664 11
685 1638 757 1664 fehlt
769 1638 803 1664 E.
824 1652 858 1656 -—
878 1639 921 1665 In
940 1637 965 1665 2.
985 1639 1085 1666 Noct.
1106 1638 1128 1665 A
1151 1638 1174 1675 1,
1191 1639 1205 1667 1
1227 1641 1376 1668 exaudivit
1388 1642 1467 1669 Deus
1480 1642 1517 1675 E,

234 1674 375 1700 Dominus
394 1674 431 1700 D.
456 1688 489 1691 —
518 1672 539 1699 A
561 1671 584 1707 1,
606 1672 623 1700 2
648 1675 684 1701 In
702 1675 774 1702 fehlt
792 1675 828 1701 D.
854 1690 889 1694 ——
918 1674 940 1701 A
962 1675 986 1709 1,
1006 1675 1026 1703 4-
1045 1676 1215 1712 Supremum
1233 1678 1340 1705 bonum
1359 1679 1394 1705 A.
1413 1694 1452 1698 —
1475 1679 1518 1706 In

233 1708 259 1737 3.
279 1711 380 1737 Noct.
401 1709 423 1736 A
450 1709 473 1745 1,
497 1709 511 1737 1
536 1711 660 1738 Domine
682 1711 731 1739 hic
755 1713 789 1739 A.
817 1728 853 1731 —
878 1711 899 1737 A
926 1711 952 1746 2,
972 1711 989 1741 3
1012 1714 1124 1748 Regum
1148 1716 1230 1749 regni
1255 1723 1393 1750 generoso
1417 1716 1451 1742 A.
1480 1730 1518 1734 -—-

234 1745 256 1772 A
277 1744 302 1779 3,
320 1746 333 1773 1
355 1748 479 1783 accipiet
496 1747 531 1774 Ε.
551 1762 589 1766 -
608 1747 629 1774 Α
650 1746 676 1782 3,
689 1747 708 1776 3
728 1749 785 1782 Qui
804 1750 931 1784 suscepit
944 1751 977 1777 A.
997 1765 1034 1769 —
1053 1752 1093 1778 In
1111 1751 1220 1778 Laud.
1242 1750 1264 1778 A
1286 1751 1311 1785 1,
1324 1751 1345 1779 4
1366 1761 1407 1788 sq.
1421 1752 1517 1780 fehlen

231 1783 266 1810 E.
288 1799 325 1803 -—
344 1785 491 1818 Hymnen:
520 1785 555 1811 In
573 1785 676 1821 Vesp.:
702 1787 791 1822 Regis
811 1795 909 1821 regum
931 1788 1012 1822 civis,
1034 1796 1088 1815 ave
1106 1787 1191 1822 (Dan.
1211 1789 1234 1822 I,
1254 1787 1334 1823 317);
1360 1791 1392 1816 in
1410 1790 1516 1817 Laud.:

233 1820 321 1847 Cuius
342 1821 379 1848 ad
399 1830 510 1848 sacrum
531 1821 577 1856 (de
596 1822 765 1857 Communi).

658 1921 704 1951 79.
736 1922 779 1951 De
798 1922 904 1952 sancto
925 1922 1096 1954 Lamberto.

367 1988 410 2020 In
439 1988 469 2020 1.
495 1988 573 2020 Ves
582 1990 709 2028 peris.
974 1991 999 2023 Ο
1024 2000 1114 2023 sacer
1138 1992 1311 2025 Lantberte
1332 1998 1462 2037 martyr,

420 2060 463 2087 Ad
483 2061 515 2088 M
575 2061 659 2089 ‘fleat
1019 2041 1126 2070 nostra
1151 2042 1224 2071 vota
1248 2041 1381 2082 suscipe.

230 2118 269 2148 A.
298 2117 415 2157 Magna
436 2127 498 2149 vox
521 2119 615 2150 laude
639 2128 752 2152 sonora

346 2166 378 2195 te
404 2164 493 2196 decet
515 2174 573 2204 per
597 2167 708 2203 omnia,
1037 2159 1098 2190 Ad
1122 2160 1384 2197 Matuf’inum·

299 2211 364 2249 Quo
388 2211 454 2249 poli
479 2212 593 2243 chorea
615 2213 732 2252 gaudet

346 2260 438 2288 aucta
461 2259 516 2288 tali
541 2267 695 2298 compare,

298 2302 399 2334 Terra
421 2304 546 2342 plaudit
570 2307 602 2335 et
624 2305 758 2335 resultat
968 2304 1140 2333 Aeternum
1165 2304 1343 2346 trinumque
1368 2310 1468 2343 Deum

347 2349 441 2387 digna
464 2352 551 2380 tanto
574 2350 730 2390 praesule,
1013 2348 1175 2379 laudemus
1200 2353 1232 2380 et
1253 2361 1357 2394 unum,

1103 2239 1315 2270 Iuvitatorium.
