1650 2542
266 198 311 229 In
338 200 369 234 2,
396 199 622 231 Nocturno.

361 281 535 317 Antiphone..

203 337 267 370 Ubi
291 338 389 369 sensit
411 337 592 370 Florianum

204 383 371 416 Obfirmari
395 383 614 424 Christianum,

252 431 378 470 Sprevit
402 431 512 469 plenus
537 430 635 470 furia,

203 476 337 509 Mandat
359 475 464 516 flagris
490 478 619 508 cruciari

204 523 281 554 Dire
306 532 428 555 carnem
454 523 587 555 lacerari

255 570 385 601 Grudeli
410 571 574 603 sententia.

343 661 547 696 Responsoria.

175 743 182 750 .
210 717 287 749 Cum
312 720 409 749 staret
433 718 600 749 immobilis

252 766 355 795 tentus
380 764 612 805 blandimentis,

208 810 406 850 Castigantur
430 811 560 842 verbere

253 859 339 887 artus
362 857 547 898 innocentis,

206 903 360 941 Repetitis
385 903 513 942 scapula

253 949 402 988 languent
424 949 458 979 in
482 950 663 990 tormentis,

165 1021 172 1029 .
203 994 267 1026 Sed
288 995 443 1025 incassum
462 995 574 1034 omnia,

205 1041 274 1072 Nec
298 1041 402 1072 vicere
425 1041 558 1073 verbera

251 1087 364 1118 Fidem
389 1086 574 1119 confitentis.

174 1168 180 1175 .
206 1143 286 1175 Dira
310 1143 435 1174 tandem
461 1143 614 1174 sententia

251 1197 379 1229 praeses
403 1189 570 1229 imperavit

205 1236 272 1268 Imo
298 1236 396 1275 mergi
420 1234 556 1274 flumine,

249 1291 311 1313 non
335 1284 438 1313 tamen
463 1282 599 1321 expavit,

204 1328 298 1359 Velut
321 1328 362 1359 ad
384 1328 555 1367 tripudium

251 1375 390 1414 gaudens
414 1374 613 1414 properavit;

166 1445 173 1452 .
204 1420 265 1452 Sed
293 1421 341 1452 ira
364 1421 425 1452 Dei
448 1429 582 1459 propere

206 1466 305 1507 Capto
329 1469 481 1498 tortorum
505 1466 620 1497 lumine

250 1513 303 1545 Ex
327 1514 390 1544 alto
413 1513 594 1545 vindicavit.

169 1595 176 1602 .
203 1569 281 1601 Tam
306 1577 397 1600 sacra
419 1568 558 1599 membra
581 1571 709 1607 tangere

251 1616 367 1647 illisum
391 1617 490 1645 tumet
512 1613 625 1645 flumen

201 1663 245 1694 Et
267 1662 472 1701 prominentis
496 1663 606 1702 petrae

247 1718 319 1740 mox
342 1709 426 1740 tollit
446 1708 479 1739 in
504 1716 659 1749 cacumen,

201 1756 268 1794 Qua
290 1755 417 1787 tutelari
440 1755 545 1794 aquila

248 1803 381 1834 caeleste
405 1804 511 1833 servat
533 1809 666 1843 numen,

162 1875 168 1882 .
199 1849 236 1881 In
263 1849 378 1880 somnis
403 1849 482 1879 mira
505 1848 632 1887 monita,

200 1895 245 1928 Ut
268 1896 359 1927 tollat
383 1895 469 1933 haec,
496 1895 622 1927 Valeria

246 1942 394 1974 Divinum
419 1945 491 1973 ante
515 1942 629 1973 lumen.

261 2065 306 2096 In
332 2066 362 2097 3.
388 2064 445 2096 No
456 2066 613 2097 cturno.

348 2138 521 2174 Antiphona.

197 2195 280 2227 Dum
304 2195 345 2227 ad
368 2196 471 2227 locum
494 2195 648 2235 passionis

196 2242 294 2274 Ducit
317 2251 385 2273 eum
412 2242 474 2274 dux
499 2243 616 2282 agonis,

196 2289 323 2321 Florem
348 2298 423 2320 suae
444 2289 613 2320 iuventutis

198 2336 413 2376 Parvipendet
436 2345 493 2376 spe
516 2336 635 2368 salutis.

751 105 888 139 41—

1010 199 1210 233 Responsoria.

820 256 849 288 1.
875 255 1032 294 Quadriga
1056 263 1169 295 corpus
1195 256 1289 287 celeri

923 304 1062 332 vectatur
1087 302 1127 333 ad
1151 301 1350 343 humandum,

876 348 997 380 Anhelo
1022 348 1110 378 vivus
1133 349 1238 387 pecori

923 393 992 425 fons
1016 396 1116 425 scatet.
1138 394 1179 425 ad
1203 395 1383 435 potandum,

876 441 959 472 Fons
984 439 1181 471 multiformis
1206 442 1334 480 gratiae,

923 487 1094 518 subsidium
1117 487 1301 529 mirandum,

809 533 846 565 V.
877 533 970 565 Unde
993 533 1148 573 signorum
1174 534 1300 565 claritas

878 579 993 611 Gentes
1018 580 1115 610 traxit
1135 579 1284 611 barbaras

923 626 975 657 Ad
996 626 1111 657 undam
1134 627 1354 660 venerandum.

820 692 850 722 2.
877 690 910 723 Si
935 691 1057 729 quaeris
1081 690 1240 728 miracula,

922 735 1031 768 fideles
1057 739 1088 767 et
1110 735 1236 776 profani

880 783 992 814 Petunt
1018 787 1048 814 et
1072 783 1227 823 accipiunt

923 832 953 860 et
978 837 1034 868 spe
1057 838 1117 860 non
1138 829 1233 867 inani,

877 876 989 907 Omnes
1012 884 1075 906 una
1097 875 1218 915 pariter

922 929 983 961 ope
1005 920 1085 952 fiunt
1107 921 1193 960 sani;

806 967 844 999 V.
873 967 985 1004 Tabes,
1011 967 1100 1005 lepra
1122 966 1253 1006 fugiunt,

876 1013 1014 1044 Narrent
1037 1013 1079 1052 hi,
1106 1013 1159 1052 qui
1183 1012 1329 1054 sentiunt,

920 1059 1036 1090 Dicant
1059 1059 1218 1098 oppidani.

962 1198 1006 1229 In
1031 1198 1255 1230 Laudibus.

1016 1290 1209 1324 Antiphonae.

817 1347 845 1378 1⁷
873 1346 1005 1377 Sanctus
1029 1354 1087 1385 per
1111 1346 1293 1386 martyrium

874 1392 976 1432 Supra
998 1395 1119 1431 petram
1142 1392 1267 1423 Domini

919 1439 1043 1471 Positus
1066 1439 1229 1480 perstabit,

874 1488 970 1524 Quem
994 1486 1089 1516 maris
1112 1485 1215 1524 elatio,

873 1532 1001 1564 Fluctus
1027 1540 1082 1563 seu
1105 1540 1165 1563 vox
1189 1530 1349 1563 fluminum

918 1578 1013 1610 Ultra
1034 1587 1097 1609 non
1120 1578 1268 1613 turbabit,

812 1645 842 1678 2.
869 1643 985 1675 Laetus
1010 1646 1062 1675 tuo
1087 1643 1199 1674 iubilat

870 1691 907 1722 In
931 1692 1107 1729 conspectu,
1134 1690 1276 1730 Domine,

917 1737 1006 1775 Quod
1030 1737 1092 1768 iam
1116 1736 1258 1768 introivit

870 1784 981 1815 Portas
1005 1786 1075 1814 tuas
1100 1786 1131 1814 et
1154 1784 1245 1822 atria,

870 1832 981 1861 Vectes
1007 1839 1076 1861 cum
1099 1830 1221 1861 laetitia

915 1878 1049 1909 Ferreos
1074 1877 1230 1908 contrivit.

812 1944 841 1975 3.
867 1942 963 1974 Totus
987 1943 1020 1973 in
1044 1945 1077 1973 te
1100 1942 1218 1981 sitiens,

869 1989 906 2021 In
933 1989 1096 2020 tormentis
1120 1989 1255 2029 gestiens

915 2036 967 2068 Ad
991 2038 1023 2067 te
1046 2036 1182 2077 vigilavi,

870 2082 957 2114 Inter
982 2092 1015 2114 os
1038 2083 1229 2122 loquentium

868 2129 979 2169 Iniqua
1004 2132 1036 2160 et
1058 2130 1236 2170 negantium

914 2176 1015 2209 Deum
1040 2179 1072 2207 te
1094 2177 1231 2212 laudavi.

811 2244 841 2275 4.
870 2242 966 2282 Caeli,
990 2246 1104 2282 terrae,
1129 2240 1290 2273 fluminum

868 2289 1061 2321 Benedicant
1084 2289 1250 2321 Dominum

917 2335 1053 2368 Cunctae
1078 2339 1249 2377 creaturae,
