<?xml version="1.0" encoding="UTF-8"?>
<!DOCTYPE html PUBLIC "-//W3C//DTD XHTML 1.0 Transitional//EN"
    "http://www.w3.org/TR/xhtml1/DTD/xhtml1-transitional.dtd">
<html xmlns="http://www.w3.org/1999/xhtml" xml:lang="en" lang="en">
 <head>
  <title>
</title>
<meta http-equiv="Content-Type" content="text/html;charset=utf-8" />
  <meta name='ocr-system' content='tesseract 3.04.00' />
  <meta name='ocr-capabilities' content='ocr_page ocr_carea ocr_par ocr_line ocrx_word'/>
</head>
<body>
  <div class='ocr_page' id='page_1' title='image "./analectahymnica26drevuoft_00022.png"; bbox 0 0 1650 2542; ppageno 0'>
   <div class='ocr_carea' id='block_1_1' title="bbox 153 262 183 294">
    <p class='ocr_par' dir='ltr' id='par_1_1' title="bbox 153 262 183 294">
     <span class='ocr_line' id='line_1_1' title="bbox 153 262 183 294; baseline 0.033 -1"><span class='ocrx_word' id='word_1_1' title='bbox 153 262 183 294; x_wconf 86' lang='lat'>1.</span> 
     </span>
    </p>
   </div>
   <div class='ocr_carea' id='block_1_2' title="bbox 136 494 171 524">
    <p class='ocr_par' dir='ltr' id='par_1_2' title="bbox 136 494 171 524">
     <span class='ocr_line' id='line_1_2' title="bbox 136 494 171 524; baseline 0 0"><span class='ocrx_word' id='word_1_2' title='bbox 136 494 171 524; x_wconf 95' lang='lat' dir='ltr'>V.</span> 
     </span>
    </p>
   </div>
   <div class='ocr_carea' id='block_1_3' title="bbox 146 644 177 674">
    <p class='ocr_par' dir='ltr' id='par_1_3' title="bbox 146 644 177 674">
     <span class='ocr_line' id='line_1_3' title="bbox 146 644 177 674; baseline 0.032 -1"><span class='ocrx_word' id='word_1_3' title='bbox 146 644 177 674; x_wconf 83' lang='lat'>2.</span> 
     </span>
    </p>
   </div>
   <div class='ocr_carea' id='block_1_4' title="bbox 663 119 895 153">
    <p class='ocr_par' dir='ltr' id='par_1_4' title="bbox 663 119 895 153">
     <span class='ocr_line' id='line_1_4' title="bbox 663 119 895 153; baseline -0.004 -9"><span class='ocrx_word' id='word_1_4' title='bbox 663 119 895 153; x_wconf 70' lang='lat'>-19-</span> 
     </span>
    </p>
   </div>
   <div class='ocr_carea' id='block_1_5' title="bbox 344 208 547 243">
    <p class='ocr_par' dir='ltr' id='par_1_5' title="bbox 344 208 547 243">
     <span class='ocr_line' id='line_1_5' title="bbox 344 208 547 243; baseline 0.015 -9"><span class='ocrx_word' id='word_1_5' title='bbox 344 208 547 243; x_wconf 77' lang='lat' dir='ltr'>Responsoria.</span> 
     </span>
    </p>
   </div>
   <div class='ocr_carea' id='block_1_6' title="bbox 202 263 751 625">
    <p class='ocr_par' dir='ltr' id='par_1_6' title="bbox 209 263 701 300">
     <span class='ocr_line' id='line_1_6' title="bbox 209 263 701 300; baseline 0.014 -7"><span class='ocrx_word' id='word_1_6' title='bbox 209 263 246 294; x_wconf 86' lang='lat' dir='ltr'>In</span> <span class='ocrx_word' id='word_1_7' title='bbox 273 263 382 295; x_wconf 89' lang='lat' dir='ltr'>diebus</span> <span class='ocrx_word' id='word_1_8' title='bbox 406 265 535 297; x_wconf 84' lang='lat' dir='ltr'>Traiani</span> <span class='ocrx_word' id='word_1_9' title='bbox 559 266 701 300; x_wconf 78' lang='lat' dir='ltr'>Caesaris</span> 
     </span>
    </p>

    <p class='ocr_par' dir='ltr' id='par_1_7' title="bbox 208 309 751 398">
     <span class='ocr_line' id='line_1_7' title="bbox 208 309 751 352; baseline 0.013 -12"><span class='ocrx_word' id='word_1_10' title='bbox 208 309 288 340; x_wconf 87' lang='lat' dir='ltr'>Erat</span> <span class='ocrx_word' id='word_1_11' title='bbox 304 310 423 343; x_wconf 84' lang='lat' dir='ltr'>Romae</span> <span class='ocrx_word' id='word_1_12' title='bbox 446 312 535 343; x_wconf 92' lang='lat' dir='ltr'>miles</span> <span class='ocrx_word' id='word_1_13' title='bbox 560 315 751 352; x_wconf 74' lang='lat' dir='ltr'>praenobilis</span> 
     </span>
     <span class='ocr_line' id='line_1_8' title="bbox 255 357 558 398; baseline 0.013 -11"><span class='ocrx_word' id='word_1_14' title='bbox 255 357 401 388; x_wconf 85' lang='lat' dir='ltr'>Placidus</span> <span class='ocrx_word' id='word_1_15' title='bbox 424 359 558 398; x_wconf 87' lang='lat' dir='ltr'>nomine,</span> 
     </span>
    </p>

    <p class='ocr_par' dir='ltr' id='par_1_8' title="bbox 206 402 570 436">
     <span class='ocr_line' id='line_1_9' title="bbox 206 402 570 436; baseline 0.008 -3"><span class='ocrx_word' id='word_1_16' title='bbox 206 402 269 433; x_wconf 86' lang='lat' dir='ltr'>Sub</span> <span class='ocrx_word' id='word_1_17' title='bbox 297 404 382 434; x_wconf 89' lang='lat' dir='ltr'>cultu</span> <span class='ocrx_word' id='word_1_18' title='bbox 403 404 570 436; x_wconf 82' lang='lat' dir='ltr'>idolatriae</span> 
     </span>
    </p>

    <p class='ocr_par' dir='ltr' id='par_1_9' title="bbox 205 449 678 489">
     <span class='ocr_line' id='line_1_10' title="bbox 205 449 678 489; baseline 0.011 -9"><span class='ocrx_word' id='word_1_19' title='bbox 205 449 291 487; x_wconf 89' lang='lat' dir='ltr'>opus</span> <span class='ocrx_word' id='word_1_20' title='bbox 316 459 410 489; x_wconf 87' lang='lat' dir='ltr'>agens</span> <span class='ocrx_word' id='word_1_21' title='bbox 435 451 678 485; x_wconf 81' lang='lat' dir='ltr'>misericordiae.</span> 
     </span>
    </p>

    <p class='ocr_par' dir='ltr' id='par_1_10' title="bbox 202 495 750 539">
     <span class='ocr_line' id='line_1_11' title="bbox 202 495 750 539; baseline 0.009 -13"><span class='ocrx_word' id='word_1_22' title='bbox 202 495 366 538; x_wconf 66' lang='lat' dir='ltr'>Populus,</span> <span class='ocrx_word' id='word_1_23' title='bbox 402 506 494 536; x_wconf 75' lang='lat' dir='ltr'>quem</span> <span class='ocrx_word' id='word_1_24' title='bbox 524 507 592 530; x_wconf 64' lang='lat' dir='ltr'>ozon</span> <span class='ocrx_word' id='word_1_25' title='bbox 618 501 750 539; x_wconf 62' lang='lat' dir='ltr'>cognovi</span> 
     </span>
    </p>

    <p class='ocr_par' dir='ltr' id='par_1_11' title="bbox 202 542 746 587">
     <span class='ocr_line' id='line_1_12' title="bbox 202 542 746 587; baseline 0.011 -15"><span class='ocrx_word' id='word_1_26' title='bbox 202 542 329 574; x_wconf 70' lang='lat' dir='ltr'>servivit</span> <span class='ocrx_word' id='word_1_27' title='bbox 351 543 447 586; x_wconf 65' lang='lat' dir='ltr'>mihi,</span> <span class='ocrx_word' id='word_1_28' title='bbox 475 544 552 576; x_wconf 71' lang='lat' dir='ltr'>dicit</span> <span class='ocrx_word' id='word_1_29' title='bbox 574 545 746 587; x_wconf 71' lang='lat' dir='ltr'>Dominus,</span> 
     </span>
    </p>

    <p class='ocr_par' dir='ltr' id='par_1_12' title="bbox 205 588 743 625">
     <span class='ocr_line' id='line_1_13' title="bbox 205 588 743 625; baseline 0.011 -7"><span class='ocrx_word' id='word_1_30' title='bbox 205 588 238 618; x_wconf 74' lang='lat' dir='ltr'>in</span> <span class='ocrx_word' id='word_1_31' title='bbox 253 589 367 620; x_wconf 70' lang='lat' dir='ltr'>auditu</span> <span class='ocrx_word' id='word_1_32' title='bbox 378 590 468 621; x_wconf 81' lang='lat' dir='ltr'>auris</span> <span class='ocrx_word' id='word_1_33' title='bbox 486 591 640 623; x_wconf 72' lang='lat' dir='ltr'>oboedivit</span> <span class='ocrx_word' id='word_1_34' title='bbox 654 593 743 625; x_wconf 73' lang='lat' dir='ltr'>mihi.</span> 
     </span>
    </p>
   </div>
   <div class='ocr_carea' id='block_1_7' title="bbox 201 643 742 817">
    <p class='ocr_par' dir='ltr' id='par_1_13' title="bbox 201 643 742 817">
     <span class='ocr_line' id='line_1_14' title="bbox 204 643 554 677; baseline 0.009 -3"><span class='ocrx_word' id='word_1_35' title='bbox 204 643 341 675; x_wconf 83' lang='lat' dir='ltr'>Illustris</span> <span class='ocrx_word' id='word_1_36' title='bbox 366 645 554 677; x_wconf 86' lang='lat' dir='ltr'>Eustachius</span> 
     </span>
     <span class='ocr_line' id='line_1_15' title="bbox 203 690 562 734; baseline 0.008 -14"><span class='ocrx_word' id='word_1_37' title='bbox 203 690 348 722; x_wconf 80' lang='lat' dir='ltr'>Imitatus</span> <span class='ocrx_word' id='word_1_38' title='bbox 375 691 562 734; x_wconf 84' lang='lat' dir='ltr'>Cornelium⁷</span> 
     </span>
     <span class='ocr_line' id='line_1_16' title="bbox 201 736 742 781; baseline 0.009 -14"><span class='ocrx_word' id='word_1_39' title='bbox 201 736 387 776; x_wconf 85' lang='lat' dir='ltr'>Priusquam</span> <span class='ocrx_word' id='word_1_40' title='bbox 409 738 565 770; x_wconf 79' lang='lat' dir='ltr'>Christum</span> <span class='ocrx_word' id='word_1_41' title='bbox 591 743 742 781; x_wconf 86' lang='lat' dir='ltr'>nosceret,</span> 
     </span>
     <span class='ocr_line' id='line_1_17' title="bbox 201 782 552 817; baseline 0.011 -4"><span class='ocrx_word' id='word_1_42' title='bbox 201 782 328 815; x_wconf 80' lang='lat' dir='ltr'>servire</span> <span class='ocrx_word' id='word_1_43' title='bbox 350 785 397 815; x_wconf 89' lang='lat' dir='ltr'>illi</span> <span class='ocrx_word' id='word_1_44' title='bbox 423 786 552 817; x_wconf 81' lang='lat' dir='ltr'>studuit.</span> 
     </span>
    </p>
   </div>
   <div class='ocr_carea' id='block_1_8' title="bbox 161 829 741 870">
    <p class='ocr_par' dir='ltr' id='par_1_14' title="bbox 161 829 741 870">
     <span class='ocr_line' id='line_1_18' title="bbox 161 829 741 870; baseline 0.01 -11"><span class='ocrx_word' id='word_1_45' title='bbox 161 852 168 859; x_wconf 93' lang='lat'>.</span> <span class='ocrx_word' id='word_1_46' title='bbox 198 829 267 869; x_wconf 72' lang='lat' dir='ltr'>Eyo</span> <span class='ocrx_word' id='word_1_47' title='bbox 294 830 427 870; x_wconf 69' lang='lat' dir='ltr'>diliya‘m</span> <span class='ocrx_word' id='word_1_48' title='bbox 453 841 540 870; x_wconf 81' lang='lat' dir='ltr'>eum,</span> <span class='ocrx_word' id='word_1_49' title='bbox 575 833 651 864; x_wconf 71' lang='lat' dir='ltr'>dicit</span> <span class='ocrx_word' id='word_1_50' title='bbox 673 833 741 865; x_wconf 87' lang='lat' dir='ltr'>Do-</span> 
     </span>
    </p>
   </div>
   <div class='ocr_carea' id='block_1_9' title="bbox 197 875 743 961">
    <p class='ocr_par' dir='ltr' id='par_1_15' title="bbox 197 875 743 961">
     <span class='ocr_line' id='line_1_19' title="bbox 197 875 743 917; baseline 0.011 -12"><span class='ocrx_word' id='word_1_51' title='bbox 197 875 324 916; x_wconf 72' lang='lat' dir='ltr'>minus,</span> <span class='ocrx_word' id='word_1_52' title='bbox 372 879 401 907; x_wconf 71' lang='lat' dir='ltr'>et</span> <span class='ocrx_word' id='word_1_53' title='bbox 438 878 649 917; x_wconf 72' lang='lat' dir='ltr'>manifestabo</span> <span class='ocrx_word' id='word_1_54' title='bbox 693 879 743 910; x_wconf 68' lang='lat' dir='ltr'>illi</span> 
     </span>
     <span class='ocr_line' id='line_1_20' title="bbox 197 930 387 961; baseline 0.016 -10"><span class='ocrx_word' id='word_1_55' title='bbox 197 930 247 952; x_wconf 81' lang='lat' dir='ltr'>me</span> <span class='ocrx_word' id='word_1_56' title='bbox 270 931 387 961; x_wconf 53' lang='lat' dir='ltr'>offusum.</span> 
     </span>
    </p>
   </div>
   <div class='ocr_carea' id='block_1_10' title="bbox 252 1015 615 1049">
    <p class='ocr_par' dir='ltr' id='par_1_16' title="bbox 252 1015 615 1049">
     <span class='ocr_line' id='line_1_21' title="bbox 252 1015 615 1049; baseline 0.008 -3"><span class='ocrx_word' id='word_1_57' title='bbox 252 1015 297 1046; x_wconf 91' lang='lat' dir='ltr'>In</span> <span class='ocrx_word' id='word_1_58' title='bbox 332 1017 362 1047; x_wconf 84' lang='lat'>2.</span> <span class='ocrx_word' id='word_1_59' title='bbox 390 1015 615 1049; x_wconf 82' lang='lat' dir='ltr'>Nocturno.</span> 
     </span>
    </p>
   </div>
   <div class='ocr_carea' id='block_1_11' title="bbox 335 1089 527 1125">
    <p class='ocr_par' dir='ltr' id='par_1_17' title="bbox 335 1089 527 1125">
     <span class='ocr_line' id='line_1_22' title="bbox 335 1089 527 1125; baseline 0 -9"><span class='ocrx_word' id='word_1_60' title='bbox 335 1089 527 1125; x_wconf 86' lang='lat' dir='ltr'>Antiphonae.</span> 
     </span>
    </p>
   </div>
   <div class='ocr_carea' id='block_1_12' title="bbox 162 1145 556 1178">
    <p class='ocr_par' dir='ltr' id='par_1_18' title="bbox 162 1145 556 1178">
     <span class='ocr_line' id='line_1_23' title="bbox 162 1145 556 1178; baseline 0.005 -2"><span class='ocrx_word' id='word_1_61' title='bbox 162 1169 168 1175; x_wconf 96' lang='lat'>.</span> <span class='ocrx_word' id='word_1_62' title='bbox 196 1145 297 1177; x_wconf 86' lang='lat' dir='ltr'>Dator</span> <span class='ocrx_word' id='word_1_63' title='bbox 320 1146 556 1178; x_wconf 84' lang='lat' dir='ltr'>misericordiae</span> 
     </span>
    </p>
   </div>
   <div class='ocr_carea' id='block_1_13' title="bbox 186 1191 664 1325">
    <p class='ocr_par' dir='ltr' id='par_1_19' title="bbox 186 1191 664 1325">
     <span class='ocr_line' id='line_1_24' title="bbox 192 1191 555 1224; baseline 0.003 -1"><span class='ocrx_word' id='word_1_64' title='bbox 192 1191 287 1223; x_wconf 86' lang='lat' dir='ltr'>Scuto</span> <span class='ocrx_word' id='word_1_65' title='bbox 313 1192 393 1223; x_wconf 87' lang='lat' dir='ltr'>texit</span> <span class='ocrx_word' id='word_1_66' title='bbox 416 1193 555 1224; x_wconf 87' lang='lat' dir='ltr'>iustitiae</span> 
     </span>
     <span class='ocr_line' id='line_1_25' title="bbox 190 1238 545 1270; baseline 0.003 -1"><span class='ocrx_word' id='word_1_67' title='bbox 190 1238 320 1269; x_wconf 86' lang='lat' dir='ltr'>Beatum</span> <span class='ocrx_word' id='word_1_68' title='bbox 341 1239 545 1270; x_wconf 89' lang='lat' dir='ltr'>Eustachium</span> 
     </span>
     <span class='ocr_line' id='line_1_26' title="bbox 186 1284 664 1325; baseline 0.006 -10"><span class='ocrx_word' id='word_1_69' title='bbox 186 1284 300 1316; x_wconf 87' lang='lat' dir='ltr'>Dando</span> <span class='ocrx_word' id='word_1_70' title='bbox 326 1294 458 1317; x_wconf 89' lang='lat' dir='ltr'>coronae</span> <span class='ocrx_word' id='word_1_71' title='bbox 482 1287 664 1325; x_wconf 87' lang='lat' dir='ltr'>praemium.</span> 
     </span>
    </p>
   </div>
   <div class='ocr_carea' id='block_1_14' title="bbox 186 1341 671 1519">
    <p class='ocr_par' dir='ltr' id='par_1_20' title="bbox 187 1341 482 1373">
     <span class='ocr_line' id='line_1_27' title="bbox 187 1341 482 1373; baseline 0.003 -2"><span class='ocrx_word' id='word_1_72' title='bbox 187 1341 340 1372; x_wconf 86' lang='lat' dir='ltr'>Elevatur</span> <span class='ocrx_word' id='word_1_73' title='bbox 368 1342 482 1373; x_wconf 86' lang='lat' dir='ltr'>eximia</span> 
     </span>
    </p>

    <p class='ocr_par' dir='ltr' id='par_1_21' title="bbox 186 1387 488 1419">
     <span class='ocr_line' id='line_1_28' title="bbox 186 1387 488 1419; baseline 0.003 -1"><span class='ocrx_word' id='word_1_74' title='bbox 186 1387 247 1418; x_wconf 86' lang='lat' dir='ltr'>Dei</span> <span class='ocrx_word' id='word_1_75' title='bbox 270 1388 488 1419; x_wconf 87' lang='lat' dir='ltr'>misericordia</span> 
     </span>
    </p>

    <p class='ocr_par' dir='ltr' id='par_1_22' title="bbox 187 1433 671 1519">
     <span class='ocr_line' id='line_1_29' title="bbox 187 1433 610 1472; baseline 0.005 -8"><span class='ocrx_word' id='word_1_76' title='bbox 187 1433 238 1465; x_wconf 81' lang='lat' dir='ltr'>Ex</span> <span class='ocrx_word' id='word_1_77' title='bbox 262 1434 441 1472; x_wconf 83' lang='lat' dir='ltr'>angelorum</span> <span class='ocrx_word' id='word_1_78' title='bbox 465 1435 610 1467; x_wconf 87' lang='lat' dir='ltr'>laudibus</span> 
     </span>
     <span class='ocr_line' id='line_1_30' title="bbox 187 1480 671 1519; baseline 0.008 -9"><span class='ocrx_word' id='word_1_79' title='bbox 187 1480 249 1511; x_wconf 90' lang='lat' dir='ltr'>Pro</span> <span class='ocrx_word' id='word_1_80' title='bbox 276 1481 433 1511; x_wconf 87' lang='lat' dir='ltr'>conversis</span> <span class='ocrx_word' id='word_1_81' title='bbox 459 1482 671 1519; x_wconf 79' lang='lat' dir='ltr'>peccantibus,</span> 
     </span>
    </p>
   </div>
   <div class='ocr_carea' id='block_1_15' title="bbox 183 1535 699 1716">
    <p class='ocr_par' dir='ltr' id='par_1_23' title="bbox 188 1535 699 1621">
     <span class='ocr_line' id='line_1_31' title="bbox 189 1535 699 1576; baseline 0.008 -11"><span class='ocrx_word' id='word_1_82' title='bbox 189 1535 325 1566; x_wconf 83' lang='lat' dir='ltr'>Fraudis</span> <span class='ocrx_word' id='word_1_83' title='bbox 352 1540 526 1568; x_wconf 87' lang='lat' dir='ltr'>commenta</span> <span class='ocrx_word' id='word_1_84' title='bbox 551 1546 699 1576; x_wconf 89' lang='lat' dir='ltr'>respuens</span> 
     </span>
     <span class='ocr_line' id='line_1_32' title="bbox 188 1581 539 1621; baseline 0.003 -8"><span class='ocrx_word' id='word_1_85' title='bbox 188 1581 324 1621; x_wconf 86' lang='lat' dir='ltr'>Insignis</span> <span class='ocrx_word' id='word_1_86' title='bbox 349 1582 539 1614; x_wconf 87' lang='lat' dir='ltr'>Eustachius</span> 
     </span>
    </p>

    <p class='ocr_par' dir='ltr' id='par_1_24' title="bbox 183 1627 532 1661">
     <span class='ocr_line' id='line_1_33' title="bbox 183 1627 532 1661; baseline 0.003 -1"><span class='ocrx_word' id='word_1_87' title='bbox 183 1628 222 1660; x_wconf 89' lang='lat' dir='ltr'>In</span> <span class='ocrx_word' id='word_1_88' title='bbox 246 1627 306 1659; x_wconf 89' lang='lat' dir='ltr'>Dei</span> <span class='ocrx_word' id='word_1_89' title='bbox 331 1629 532 1661; x_wconf 87' lang='lat' dir='ltr'>tabernaculo</span> 
     </span>
    </p>

    <p class='ocr_par' dir='ltr' id='par_1_25' title="bbox 184 1674 625 1716">
     <span class='ocr_line' id='line_1_34' title="bbox 184 1674 625 1716; baseline 0.007 -10"><span class='ocrx_word' id='word_1_90' title='bbox 184 1674 261 1706; x_wconf 91' lang='lat' dir='ltr'>Cum</span> <span class='ocrx_word' id='word_1_91' title='bbox 285 1675 349 1708; x_wconf 86' lang='lat' dir='ltr'>suis</span> <span class='ocrx_word' id='word_1_92' title='bbox 375 1680 479 1708; x_wconf 87' lang='lat' dir='ltr'>manet</span> <span class='ocrx_word' id='word_1_93' title='bbox 501 1677 625 1716; x_wconf 86' lang='lat' dir='ltr'>iugiter.</span> 
     </span>
    </p>
   </div>
   <div class='ocr_carea' id='block_1_16' title="bbox 320 1750 525 1785">
    <p class='ocr_par' dir='ltr' id='par_1_26' title="bbox 320 1750 525 1785">
     <span class='ocr_line' id='line_1_35' title="bbox 320 1750 525 1785; baseline 0.005 -9"><span class='ocrx_word' id='word_1_94' title='bbox 320 1750 525 1785; x_wconf 83' lang='lat' dir='ltr'>Responsoria.</span> 
     </span>
    </p>
   </div>
   <div class='ocr_carea' id='block_1_17' title="bbox 176 1805 722 2126">
    <p class='ocr_par' dir='ltr' id='par_1_27' title="bbox 182 1805 533 1838">
     <span class='ocr_line' id='line_1_36' title="bbox 182 1805 533 1838; baseline 0.006 -2"><span class='ocrx_word' id='word_1_95' title='bbox 182 1805 241 1836; x_wconf 85' lang='lat' dir='ltr'>Vir</span> <span class='ocrx_word' id='word_1_96' title='bbox 263 1805 324 1837; x_wconf 89' lang='lat' dir='ltr'>Dei</span> <span class='ocrx_word' id='word_1_97' title='bbox 345 1806 533 1838; x_wconf 88' lang='lat' dir='ltr'>Eustachius</span> 
     </span>
    </p>

    <p class='ocr_par' dir='ltr' id='par_1_28' title="bbox 176 1852 619 1986">
     <span class='ocr_line' id='line_1_37' title="bbox 181 1852 601 1886; baseline 0.01 -4"><span class='ocrx_word' id='word_1_98' title='bbox 181 1852 314 1883; x_wconf 81' lang='lat' dir='ltr'>Amissis</span> <span class='ocrx_word' id='word_1_99' title='bbox 340 1852 432 1883; x_wconf 88' lang='lat' dir='ltr'>rebus</span> <span class='ocrx_word' id='word_1_100' title='bbox 458 1854 601 1886; x_wconf 87' lang='lat' dir='ltr'>omnibus</span> 
     </span>
     <span class='ocr_line' id='line_1_38' title="bbox 181 1899 619 1940; baseline 0.002 -9"><span class='ocrx_word' id='word_1_101' title='bbox 181 1899 319 1931; x_wconf 85' lang='lat' dir='ltr'>Uxorem</span> <span class='ocrx_word' id='word_1_102' title='bbox 345 1899 450 1930; x_wconf 84' lang='lat' dir='ltr'>amisit</span> <span class='ocrx_word' id='word_1_103' title='bbox 474 1903 505 1931; x_wconf 89' lang='lat' dir='ltr'>et</span> <span class='ocrx_word' id='word_1_104' title='bbox 527 1899 619 1940; x_wconf 71' lang='lat' dir='ltr'>filios,</span> 
     </span>
     <span class='ocr_line' id='line_1_39' title="bbox 176 1946 597 1986; baseline 0.002 -9"><span class='ocrx_word' id='word_1_105' title='bbox 176 1946 314 1978; x_wconf 83' lang='lat' dir='ltr'>Uxorem</span> <span class='ocrx_word' id='word_1_106' title='bbox 338 1946 412 1977; x_wconf 80' lang='lat' dir='ltr'>tulit</span> <span class='ocrx_word' id='word_1_107' title='bbox 435 1946 597 1986; x_wconf 87' lang='lat' dir='ltr'>barbarus,</span> 
     </span>
    </p>

    <p class='ocr_par' dir='ltr' id='par_1_29' title="bbox 176 1991 722 2126">
     <span class='ocr_line' id='line_1_40' title="bbox 178 1991 617 2032; baseline 0.005 -9"><span class='ocrx_word' id='word_1_108' title='bbox 178 1993 208 2023; x_wconf 92' lang='lat' dir='ltr'>A</span> <span class='ocrx_word' id='word_1_109' title='bbox 234 1991 309 2023; x_wconf 89' lang='lat' dir='ltr'>feris</span> <span class='ocrx_word' id='word_1_110' title='bbox 334 1993 402 2024; x_wconf 82' lang='lat' dir='ltr'>nati</span> <span class='ocrx_word' id='word_1_111' title='bbox 427 1994 511 2032; x_wconf 83' lang='lat' dir='ltr'>capti</span> <span class='ocrx_word' id='word_1_112' title='bbox 536 1997 617 2026; x_wconf 87' lang='lat' dir='ltr'>sunt.</span> 
     </span>
     <span class='ocr_line' id='line_1_41' title="bbox 176 2039 722 2081; baseline 0.007 -11"><span class='ocrx_word' id='word_1_113' title='bbox 176 2039 283 2079; x_wconf 64' lang='lat' dir='ltr'>Beati,</span> <span class='ocrx_word' id='word_1_114' title='bbox 314 2040 369 2079; x_wconf 72' lang='lat' dir='ltr'>qui</span> <span class='ocrx_word' id='word_1_115' title='bbox 386 2041 640 2079; x_wconf 62' lang='lat' dir='ltr'>persecutionem</span> <span class='ocrx_word' id='word_1_116' title='bbox 658 2051 722 2081; x_wconf 70' lang='lat' dir='ltr'>pa-</span> 
     </span>
     <span class='ocr_line' id='line_1_42' title="bbox 177 2086 651 2126; baseline 0.006 -9"><span class='ocrx_word' id='word_1_117' title='bbox 177 2086 305 2118; x_wconf 71' lang='lat' dir='ltr'>tiuntur</span> <span class='ocrx_word' id='word_1_118' title='bbox 322 2089 458 2126; x_wconf 72' lang='lat' dir='ltr'>propter</span> <span class='ocrx_word' id='word_1_119' title='bbox 480 2087 651 2122; x_wconf 71' lang='lat' dir='ltr'>iustitiam.</span> 
     </span>
    </p>
   </div>
   <div class='ocr_carea' id='block_1_18' title="bbox 241 2180 593 2281">
    <p class='ocr_par' dir='ltr' id='par_1_30' title="bbox 241 2180 593 2281">
     <span class='ocr_line' id='line_1_43' title="bbox 241 2180 593 2215; baseline 0.006 -3"><span class='ocrx_word' id='word_1_120' title='bbox 241 2180 287 2212; x_wconf 89' lang='lat' dir='ltr'>In</span> <span class='ocrx_word' id='word_1_121' title='bbox 314 2181 343 2213; x_wconf 83' lang='lat'>3.</span> <span class='ocrx_word' id='word_1_122' title='bbox 368 2180 593 2215; x_wconf 78' lang='lat' dir='ltr'>Nocturno.</span> 
     </span>
     <span class='ocr_line' id='line_1_44' title="bbox 314 2245 507 2281; baseline 0.01 -10"><span class='ocrx_word' id='word_1_123' title='bbox 314 2245 507 2281; x_wconf 85' lang='lat' dir='ltr'>Antiphonae.</span> 
     </span>
    </p>
   </div>
   <div class='ocr_carea' id='block_1_19' title="bbox 172 2302 639 2391">
    <p class='ocr_par' dir='ltr' id='par_1_31' title="bbox 172 2302 639 2391">
     <span class='ocr_line' id='line_1_45' title="bbox 176 2302 639 2346; baseline 0.006 -13"><span class='ocrx_word' id='word_1_124' title='bbox 176 2302 282 2334; x_wconf 81' lang='lat' dir='ltr'>Genus</span> <span class='ocrx_word' id='word_1_125' title='bbox 309 2303 451 2346; x_wconf 86' lang='lat' dir='ltr'>electum,</span> <span class='ocrx_word' id='word_1_126' title='bbox 478 2304 565 2336; x_wconf 91' lang='lat' dir='ltr'>cuius</span> <span class='ocrx_word' id='word_1_127' title='bbox 591 2307 639 2336; x_wconf 82' lang='lat' dir='ltr'>est</span> 
     </span>
     <span class='ocr_line' id='line_1_46' title="bbox 172 2349 552 2391; baseline 0.005 -10"><span class='ocrx_word' id='word_1_128' title='bbox 172 2350 246 2390; x_wconf 84' lang='lat' dir='ltr'>Ipse</span> <span class='ocrx_word' id='word_1_129' title='bbox 270 2349 356 2381; x_wconf 89' lang='lat' dir='ltr'>Deus</span> <span class='ocrx_word' id='word_1_130' title='bbox 381 2350 552 2391; x_wconf 83' lang='lat' dir='ltr'>hereditas,</span> 
     </span>
    </p>
   </div>
   <div class='ocr_carea' id='block_1_20' title="bbox 878 215 1254 302">
    <p class='ocr_par' dir='ltr' id='par_1_32' title="bbox 878 215 1254 302">
     <span class='ocr_line' id='line_1_47' title="bbox 879 215 1247 253; baseline 0.011 -8"><span class='ocrx_word' id='word_1_131' title='bbox 879 215 939 245; x_wconf 80' lang='lat' dir='ltr'>Per</span> <span class='ocrx_word' id='word_1_132' title='bbox 958 215 1115 253; x_wconf 83' lang='lat' dir='ltr'>potionem</span> <span class='ocrx_word' id='word_1_133' title='bbox 1142 217 1247 249; x_wconf 84' lang='lat' dir='ltr'>calicis</span> 
     </span>
     <span class='ocr_line' id='line_1_48' title="bbox 878 260 1254 302; baseline 0.013 -11"><span class='ocrx_word' id='word_1_134' title='bbox 878 260 1093 293; x_wconf 84' lang='lat' dir='ltr'>Hereditatem</span> <span class='ocrx_word' id='word_1_135' title='bbox 1118 268 1254 302; x_wconf 86' lang='lat' dir='ltr'>reparat.</span> 
     </span>
    </p>
   </div>
   <div class='ocr_carea' id='block_1_21' title="bbox 822 334 1235 377">
    <p class='ocr_par' dir='ltr' id='par_1_33' title="bbox 822 334 1235 377">
     <span class='ocr_line' id='line_1_49' title="bbox 822 334 1235 377; baseline 0.01 -12"><span class='ocrx_word' id='word_1_136' title='bbox 822 336 852 367; x_wconf 89' lang='lat'>2.</span> <span class='ocrx_word' id='word_1_137' title='bbox 878 334 967 366; x_wconf 87' lang='lat' dir='ltr'>Haec</span> <span class='ocrx_word' id='word_1_138' title='bbox 990 336 1043 374; x_wconf 87' lang='lat' dir='ltr'>pia</span> <span class='ocrx_word' id='word_1_139' title='bbox 1066 338 1235 377; x_wconf 83' lang='lat' dir='ltr'>generatio,</span> 
     </span>
    </p>
   </div>
   <div class='ocr_carea' id='block_1_22' title="bbox 876 381 1329 515">
    <p class='ocr_par' dir='ltr' id='par_1_34' title="bbox 876 381 1329 515">
     <span class='ocr_line' id='line_1_50' title="bbox 876 381 1329 428; baseline 0.011 -17"><span class='ocrx_word' id='word_1_140' title='bbox 876 381 953 419; x_wconf 80' lang='lat' dir='ltr'>Quia</span> <span class='ocrx_word' id='word_1_141' title='bbox 978 383 1131 421; x_wconf 85' lang='lat' dir='ltr'>quaesivit</span> <span class='ocrx_word' id='word_1_142' title='bbox 1153 383 1329 428; x_wconf 79' lang='lat' dir='ltr'>Dominum,</span> 
     </span>
     <span class='ocr_line' id='line_1_51' title="bbox 876 428 1224 461; baseline 0.009 -3"><span class='ocrx_word' id='word_1_143' title='bbox 876 428 953 459; x_wconf 59' lang='lat' dir='ltr'>lilius</span> <span class='ocrx_word' id='word_1_144' title='bbox 980 429 1087 460; x_wconf 88' lang='lat' dir='ltr'>videre</span> <span class='ocrx_word' id='word_1_145' title='bbox 1112 428 1224 461; x_wconf 86' lang='lat' dir='ltr'>faciem</span> 
     </span>
     <span class='ocr_line' id='line_1_52' title="bbox 876 474 1279 515; baseline 0.012 -11"><span class='ocrx_word' id='word_1_146' title='bbox 876 474 958 505; x_wconf 87' lang='lat' dir='ltr'>Miro</span> <span class='ocrx_word' id='word_1_147' title='bbox 982 476 1074 506; x_wconf 89' lang='lat' dir='ltr'>modo</span> <span class='ocrx_word' id='word_1_148' title='bbox 1099 478 1279 515; x_wconf 83' lang='lat' dir='ltr'>promeruit.</span> 
     </span>
    </p>
   </div>
   <div class='ocr_carea' id='block_1_23' title="bbox 819 548 1250 589">
    <p class='ocr_par' dir='ltr' id='par_1_35' title="bbox 819 548 1250 589">
     <span class='ocr_line' id='line_1_53' title="bbox 819 548 1250 589; baseline 0.009 -10"><span class='ocrx_word' id='word_1_149' title='bbox 819 548 849 579; x_wconf 84' lang='lat'>3.</span> <span class='ocrx_word' id='word_1_150' title='bbox 875 549 1039 580; x_wconf 80' lang='lat' dir='ltr'>Intellecta</span> <span class='ocrx_word' id='word_1_151' title='bbox 1063 551 1250 589; x_wconf 85' lang='lat' dir='ltr'>prudentiae</span> 
     </span>
    </p>
   </div>
   <div class='ocr_carea' id='block_1_24' title="bbox 870 594 1414 724">
    <p class='ocr_par' dir='ltr' id='par_1_36' title="bbox 870 594 1414 724">
     <span class='ocr_line' id='line_1_54' title="bbox 873 594 1271 637; baseline 0.013 -12"><span class='ocrx_word' id='word_1_152' title='bbox 873 594 996 626; x_wconf 87' lang='lat' dir='ltr'>Ditavit</span> <span class='ocrx_word' id='word_1_153' title='bbox 1019 600 1128 628; x_wconf 91' lang='lat' dir='ltr'>auctor</span> <span class='ocrx_word' id='word_1_154' title='bbox 1152 598 1271 637; x_wconf 86' lang='lat' dir='ltr'>gloriae</span> 
     </span>
     <span class='ocr_line' id='line_1_55' title="bbox 872 640 1414 682; baseline 0.013 -11"><span class='ocrx_word' id='word_1_155' title='bbox 872 640 1003 672; x_wconf 84' lang='lat' dir='ltr'>Sanctos</span> <span class='ocrx_word' id='word_1_156' title='bbox 1036 643 1076 674; x_wconf 89' lang='lat' dir='ltr'>ad</span> <span class='ocrx_word' id='word_1_157' title='bbox 1106 644 1232 682; x_wconf 88' lang='lat' dir='ltr'>plenum</span> <span class='ocrx_word' id='word_1_158' title='bbox 1257 646 1414 678; x_wconf 83' lang='lat' dir='ltr'>instruens</span> 
     </span>
     <span class='ocr_line' id='line_1_56' title="bbox 870 686 1288 724; baseline 0.014 -7"><span class='ocrx_word' id='word_1_159' title='bbox 870 686 913 717; x_wconf 83' lang='lat' dir='ltr'>Et</span> <span class='ocrx_word' id='word_1_160' title='bbox 937 688 976 719; x_wconf 88' lang='lat' dir='ltr'>ab</span> <span class='ocrx_word' id='word_1_161' title='bbox 1001 689 1143 721; x_wconf 90' lang='lat' dir='ltr'>adversis</span> <span class='ocrx_word' id='word_1_162' title='bbox 1169 699 1288 724; x_wconf 90' lang='lat' dir='ltr'>eruens.</span> 
     </span>
    </p>
   </div>
   <div class='ocr_carea' id='block_1_25' title="bbox 1005 781 1209 816">
    <p class='ocr_par' dir='ltr' id='par_1_37' title="bbox 1005 781 1209 816">
     <span class='ocr_line' id='line_1_57' title="bbox 1005 781 1209 816; baseline 0.005 -8"><span class='ocrx_word' id='word_1_163' title='bbox 1005 781 1209 816; x_wconf 84' lang='lat' dir='ltr'>Responsoria.</span> 
     </span>
    </p>
   </div>
   <div class='ocr_carea' id='block_1_26' title="bbox 812 846 1362 887">
    <p class='ocr_par' dir='ltr' id='par_1_38' title="bbox 812 846 1362 887">
     <span class='ocr_line' id='line_1_58' title="bbox 812 846 1362 887; baseline 0.011 -11"><span class='ocrx_word' id='word_1_164' title='bbox 812 846 841 877; x_wconf 86' lang='lat'>1.</span> <span class='ocrx_word' id='word_1_165' title='bbox 867 846 1032 877; x_wconf 85' lang='lat' dir='ltr'>Redeunte</span> <span class='ocrx_word' id='word_1_166' title='bbox 1056 849 1204 887; x_wconf 86' lang='lat' dir='ltr'>magistro</span> <span class='ocrx_word' id='word_1_167' title='bbox 1230 851 1362 881; x_wconf 88' lang='lat' dir='ltr'>militum</span> 
     </span>
    </p>
   </div>
   <div class='ocr_carea' id='block_1_27' title="bbox 862 891 1270 1027">
    <p class='ocr_par' dir='ltr' id='par_1_39' title="bbox 862 891 1270 1027">
     <span class='ocr_line' id='line_1_59' title="bbox 865 891 1228 937; baseline 0.014 -16"><span class='ocrx_word' id='word_1_168' title='bbox 865 891 1013 923; x_wconf 82' lang='lat' dir='ltr'>Exsultat</span> <span class='ocrx_word' id='word_1_169' title='bbox 1038 894 1109 924; x_wconf 88' lang='lat' dir='ltr'>aula</span> <span class='ocrx_word' id='word_1_170' title='bbox 1133 895 1228 937; x_wconf 66' lang='lat' dir='ltr'>regia,</span> 
     </span>
     <span class='ocr_line' id='line_1_60' title="bbox 866 937 1270 973; baseline 0.012 -5"><span class='ocrx_word' id='word_1_171' title='bbox 866 937 951 969; x_wconf 88' lang='lat' dir='ltr'>Urbs</span> <span class='ocrx_word' id='word_1_172' title='bbox 977 942 1008 968; x_wconf 84' lang='lat' dir='ltr'>et</span> <span class='ocrx_word' id='word_1_173' title='bbox 1031 943 1157 971; x_wconf 81' lang='lat' dir='ltr'>senatus</span> <span class='ocrx_word' id='word_1_174' title='bbox 1184 942 1270 973; x_wconf 85' lang='lat' dir='ltr'>curia</span> 
     </span>
     <span class='ocr_line' id='line_1_61' title="bbox 862 983 1257 1027; baseline 0.015 -13"><span class='ocrx_word' id='word_1_175' title='bbox 862 983 930 1014; x_wconf 88' lang='lat' dir='ltr'>Nec</span> <span class='ocrx_word' id='word_1_176' title='bbox 953 993 1015 1015; x_wconf 88' lang='lat' dir='ltr'>non</span> <span class='ocrx_word' id='word_1_177' title='bbox 1040 986 1138 1017; x_wconf 90' lang='lat' dir='ltr'>omnis</span> <span class='ocrx_word' id='word_1_178' title='bbox 1163 988 1257 1027; x_wconf 85' lang='lat' dir='ltr'>regio.</span> 
     </span>
    </p>
   </div>
   <div class='ocr_carea' id='block_1_28' title="bbox 794 1028 1410 1066">
    <p class='ocr_par' dir='ltr' id='par_1_40' title="bbox 794 1028 1410 1066">
     <span class='ocr_line' id='line_1_62' title="bbox 794 1028 1410 1066; baseline 0.011 -7"><span class='ocrx_word' id='word_1_179' title='bbox 794 1028 832 1062; x_wconf 92' lang='lat' dir='ltr'>V.</span> <span class='ocrx_word' id='word_1_180' title='bbox 862 1028 1148 1064; x_wconf 72' lang='lat' dir='ltr'>Amzuntz‘averum</span> <span class='ocrx_word' id='word_1_181' title='bbox 1160 1033 1239 1064; x_wconf 64' lang='lat' dir='ltr'>caeli</span> <span class='ocrx_word' id='word_1_182' title='bbox 1250 1034 1410 1066; x_wconf 62' lang='lat' dir='ltr'>‘iustitiam</span> 
     </span>
    </p>
   </div>
   <div class='ocr_carea' id='block_1_29' title="bbox 857 1075 1409 1163">
    <p class='ocr_par' dir='ltr' id='par_1_41' title="bbox 857 1075 1409 1163">
     <span class='ocr_line' id='line_1_63' title="bbox 863 1075 1409 1119; baseline 0.013 -13"><span class='ocrx_word' id='word_1_183' title='bbox 863 1075 971 1119; x_wconf 73' lang='lat' dir='ltr'>illius,</span> <span class='ocrx_word' id='word_1_184' title='bbox 1003 1080 1031 1109; x_wconf 72' lang='lat' dir='ltr'>et</span> <span class='ocrx_word' id='word_1_185' title='bbox 1054 1078 1279 1112; x_wconf 70' lang='lat' dir='ltr'>benedioeerzmt</span> <span class='ocrx_word' id='word_1_186' title='bbox 1302 1091 1409 1114; x_wconf 75' lang='lat' dir='ltr'>omnes</span> 
     </span>
     <span class='ocr_line' id='line_1_64' title="bbox 857 1123 1234 1163; baseline 0.008 -10"><span class='ocrx_word' id='word_1_187' title='bbox 857 1123 974 1162; x_wconf 70' lang='lat' dir='ltr'>populi</span> <span class='ocrx_word' id='word_1_188' title='bbox 996 1124 1134 1163; x_wconf 73' lang='lat' dir='ltr'>yloriam</span> <span class='ocrx_word' id='word_1_189' title='bbox 1158 1125 1234 1158; x_wconf 74' lang='lat' dir='ltr'>eius.</span> 
     </span>
    </p>
   </div>
   <div class='ocr_carea' id='block_1_30' title="bbox 805 1197 1287 1237">
    <p class='ocr_par' dir='ltr' id='par_1_42' title="bbox 805 1197 1287 1237">
     <span class='ocr_line' id='line_1_65' title="bbox 805 1197 1287 1237; baseline 0.012 -10"><span class='ocrx_word' id='word_1_190' title='bbox 805 1197 837 1229; x_wconf 84' lang='lat'>2.</span> <span class='ocrx_word' id='word_1_191' title='bbox 863 1197 930 1228; x_wconf 87' lang='lat' dir='ltr'>Iam</span> <span class='ocrx_word' id='word_1_192' title='bbox 955 1199 1093 1237; x_wconf 85' lang='lat' dir='ltr'>acceptis</span> <span class='ocrx_word' id='word_1_193' title='bbox 1119 1200 1287 1233; x_wconf 87' lang='lat' dir='ltr'>honoribus</span> 
     </span>
    </p>
   </div>
   <div class='ocr_carea' id='block_1_31' title="bbox 859 1243 1306 1471">
    <p class='ocr_par' dir='ltr' id='par_1_43' title="bbox 859 1243 1306 1471">
     <span class='ocr_line' id='line_1_66' title="bbox 862 1243 1238 1284; baseline 0.011 -10"><span class='ocrx_word' id='word_1_194' title='bbox 862 1243 905 1274; x_wconf 82' lang='lat' dir='ltr'>Et</span> <span class='ocrx_word' id='word_1_195' title='bbox 927 1244 1079 1283; x_wconf 87' lang='lat' dir='ltr'>dignitate</span> <span class='ocrx_word' id='word_1_196' title='bbox 1102 1246 1238 1284; x_wconf 85' lang='lat' dir='ltr'>pristina</span> 
     </span>
     <span class='ocr_line' id='line_1_67' title="bbox 860 1289 1291 1331; baseline 0.014 -11"><span class='ocrx_word' id='word_1_197' title='bbox 860 1289 1071 1322; x_wconf 85' lang='lat' dir='ltr'>Barbarorum</span> <span class='ocrx_word' id='word_1_198' title='bbox 1095 1293 1291 1331; x_wconf 84' lang='lat' dir='ltr'>provinciam</span> 
     </span>
     <span class='ocr_line' id='line_1_68' title="bbox 860 1336 1306 1379; baseline 0.011 -12"><span class='ocrx_word' id='word_1_199' title='bbox 860 1336 1089 1369; x_wconf 85' lang='lat' dir='ltr'>Debellandam</span> <span class='ocrx_word' id='word_1_200' title='bbox 1115 1340 1306 1379; x_wconf 84' lang='lat' dir='ltr'>aggreditur,</span> 
     </span>
     <span class='ocr_line' id='line_1_69' title="bbox 860 1382 1292 1426; baseline 0.014 -13"><span class='ocrx_word' id='word_1_201' title='bbox 860 1382 923 1414; x_wconf 93' lang='lat' dir='ltr'>Ubi</span> <span class='ocrx_word' id='word_1_202' title='bbox 950 1388 1040 1415; x_wconf 82' lang='lat' dir='ltr'>natos</span> <span class='ocrx_word' id='word_1_203' title='bbox 1067 1393 1136 1415; x_wconf 90' lang='lat' dir='ltr'>cum</span> <span class='ocrx_word' id='word_1_204' title='bbox 1161 1388 1292 1426; x_wconf 84' lang='lat' dir='ltr'>coniuge</span> 
     </span>
     <span class='ocr_line' id='line_1_70' title="bbox 859 1428 1230 1471; baseline 0.013 -12"><span class='ocrx_word' id='word_1_205' title='bbox 859 1428 974 1461; x_wconf 91' lang='lat' dir='ltr'>Divino</span> <span class='ocrx_word' id='word_1_206' title='bbox 999 1433 1075 1461; x_wconf 82' lang='lat' dir='ltr'>nutu</span> <span class='ocrx_word' id='word_1_207' title='bbox 1100 1433 1230 1471; x_wconf 87' lang='lat' dir='ltr'>reperit.</span> 
     </span>
    </p>
   </div>
   <div class='ocr_carea' id='block_1_32' title="bbox 788 1474 1401 1518">
    <p class='ocr_par' dir='ltr' id='par_1_44' title="bbox 788 1474 1401 1518">
     <span class='ocr_line' id='line_1_71' title="bbox 788 1474 1401 1518; baseline 0.016 -14"><span class='ocrx_word' id='word_1_208' title='bbox 788 1474 825 1504; x_wconf 91' lang='lat' dir='ltr'>V.</span> <span class='ocrx_word' id='word_1_209' title='bbox 857 1475 918 1515; x_wconf 59' lang='lat' dir='ltr'>Qud</span> <span class='ocrx_word' id='word_1_210' title='bbox 951 1477 1108 1515; x_wconf 67' lang='lat' dir='ltr'>percussit</span> <span class='ocrx_word' id='word_1_211' title='bbox 1146 1482 1251 1518; x_wconf 51' lang='lat' dir='ltr'>pentes</span> <span class='ocrx_word' id='word_1_212' title='bbox 1283 1481 1401 1514; x_wconf 62' lang='lat' dir='ltr'>multas</span> 
     </span>
    </p>
   </div>
   <div class='ocr_carea' id='block_1_33' title="bbox 858 1522 1261 1565">
    <p class='ocr_par' dir='ltr' id='par_1_45' title="bbox 858 1522 1261 1565">
     <span class='ocr_line' id='line_1_72' title="bbox 858 1522 1261 1565; baseline 0.015 -13"><span class='ocrx_word' id='word_1_213' title='bbox 858 1525 886 1553; x_wconf 73' lang='lat' dir='ltr'>et</span> <span class='ocrx_word' id='word_1_214' title='bbox 910 1522 1022 1554; x_wconf 76' lang='lat' dir='ltr'>occidit</span> <span class='ocrx_word' id='word_1_215' title='bbox 1044 1533 1131 1564; x_wconf 70' lang='lat' dir='ltr'>reyes</span> <span class='ocrx_word' id='word_1_216' title='bbox 1153 1525 1261 1565; x_wconf 72' lang='lat' dir='ltr'>fortes.</span> 
     </span>
    </p>
   </div>
   <div class='ocr_carea' id='block_1_34' title="bbox 942 1644 1239 1679">
    <p class='ocr_par' dir='ltr' id='par_1_46' title="bbox 942 1644 1239 1679">
     <span class='ocr_line' id='line_1_73' title="bbox 942 1644 1239 1679; baseline 0.013 -4"><span class='ocrx_word' id='word_1_217' title='bbox 942 1644 987 1675; x_wconf 88' lang='lat' dir='ltr'>In</span> <span class='ocrx_word' id='word_1_218' title='bbox 1012 1644 1239 1679; x_wconf 82' lang='lat' dir='ltr'>Laudibus.</span> 
     </span>
    </p>
   </div>
   <div class='ocr_carea' id='block_1_35' title="bbox 996 1728 1187 1764">
    <p class='ocr_par' dir='ltr' id='par_1_47' title="bbox 996 1728 1187 1764">
     <span class='ocr_line' id='line_1_74' title="bbox 996 1728 1187 1764; baseline 0.005 -9"><span class='ocrx_word' id='word_1_219' title='bbox 996 1728 1187 1764; x_wconf 80' lang='lat' dir='ltr'>Antiphonae.</span> 
     </span>
    </p>
   </div>
   <div class='ocr_carea' id='block_1_36' title="bbox 796 1783 1148 1825">
    <p class='ocr_par' dir='ltr' id='par_1_48' title="bbox 796 1783 1148 1825">
     <span class='ocr_line' id='line_1_75' title="bbox 796 1783 1148 1825; baseline 0.011 -10"><span class='ocrx_word' id='word_1_220' title='bbox 796 1783 827 1815; x_wconf 86' lang='lat'>1.</span> <span class='ocrx_word' id='word_1_221' title='bbox 853 1784 938 1815; x_wconf 86' lang='lat' dir='ltr'>Mira</span> <span class='ocrx_word' id='word_1_222' title='bbox 962 1785 1023 1816; x_wconf 89' lang='lat' dir='ltr'>Dei</span> <span class='ocrx_word' id='word_1_223' title='bbox 1046 1786 1148 1825; x_wconf 85' lang='lat' dir='ltr'>pietas</span> 
     </span>
    </p>
   </div>
   <div class='ocr_carea' id='block_1_37' title="bbox 852 1831 1323 1966">
    <p class='ocr_par' dir='ltr' id='par_1_49' title="bbox 852 1831 1323 1966">
     <span class='ocr_line' id='line_1_76' title="bbox 899 1831 1323 1873; baseline 0.019 -12"><span class='ocrx_word' id='word_1_224' title='bbox 899 1831 1067 1864; x_wconf 81' lang='lat' dir='ltr'>virtutibus</span> <span class='ocrx_word' id='word_1_225' title='bbox 1091 1837 1184 1873; x_wconf 87' lang='lat' dir='ltr'>atque</span> <span class='ocrx_word' id='word_1_226' title='bbox 1209 1835 1323 1868; x_wconf 89' lang='lat' dir='ltr'>decore</span> 
     </span>
     <span class='ocr_line' id='line_1_77' title="bbox 852 1877 1173 1917; baseline 0.016 -10"><span class='ocrx_word' id='word_1_227' title='bbox 852 1877 1022 1917; x_wconf 82' lang='lat' dir='ltr'>Multiplici</span> <span class='ocrx_word' id='word_1_228' title='bbox 1048 1886 1173 1912; x_wconf 82' lang='lat' dir='ltr'>sanctos</span> 
     </span>
     <span class='ocr_line' id='line_1_78' title="bbox 897 1924 1213 1966; baseline 0.022 -12"><span class='ocrx_word' id='word_1_229' title='bbox 897 1924 1001 1955; x_wconf 88' lang='lat' dir='ltr'>induit</span> <span class='ocrx_word' id='word_1_230' title='bbox 1024 1929 1118 1966; x_wconf 83' lang='lat' dir='ltr'>atque</span> <span class='ocrx_word' id='word_1_231' title='bbox 1141 1927 1213 1962; x_wconf 89' lang='lat' dir='ltr'>fide.</span> 
     </span>
    </p>
   </div>
   <div class='ocr_carea' id='block_1_38' title="bbox 794 1996 1195 2034">
    <p class='ocr_par' dir='ltr' id='par_1_50' title="bbox 794 1996 1195 2034">
     <span class='ocr_line' id='line_1_79' title="bbox 794 1996 1195 2034; baseline 0.015 -6"><span class='ocrx_word' id='word_1_232' title='bbox 794 1999 822 2030; x_wconf 85' lang='lat'>2.</span> <span class='ocrx_word' id='word_1_233' title='bbox 851 1996 1011 2031; x_wconf 88' lang='lat' dir='ltr'>Laudibus</span> <span class='ocrx_word' id='word_1_234' title='bbox 1036 2009 1074 2032; x_wconf 87' lang='lat' dir='ltr'>ac</span> <span class='ocrx_word' id='word_1_235' title='bbox 1097 2002 1195 2034; x_wconf 90' lang='lat' dir='ltr'>iubilo</span> 
     </span>
    </p>
   </div>
   <div class='ocr_carea' id='block_1_39' title="bbox 850 2045 1393 2178">
    <p class='ocr_par' dir='ltr' id='par_1_51' title="bbox 850 2045 1393 2178">
     <span class='ocr_line' id='line_1_80' title="bbox 896 2045 1393 2096; baseline 0.018 -20"><span class='ocrx_word' id='word_1_236' title='bbox 896 2045 981 2077; x_wconf 90' lang='lat' dir='ltr'>Deus</span> <span class='ocrx_word' id='word_1_237' title='bbox 998 2050 1046 2078; x_wconf 81' lang='lat' dir='ltr'>est</span> <span class='ocrx_word' id='word_1_238' title='bbox 1058 2051 1254 2082; x_wconf 84' lang='lat' dir='ltr'>venerandus</span> <span class='ocrx_word' id='word_1_239' title='bbox 1267 2052 1393 2096; x_wconf 81' lang='lat' dir='ltr'>ubique,</span> 
     </span>
     <span class='ocr_line' id='line_1_81' title="bbox 850 2091 1148 2131; baseline 0.02 -10"><span class='ocrx_word' id='word_1_240' title='bbox 850 2091 906 2129; x_wconf 73' lang='lat' dir='ltr'>Qui</span> <span class='ocrx_word' id='word_1_241' title='bbox 932 2097 1039 2131; x_wconf 84' lang='lat' dir='ltr'>portas</span> <span class='ocrx_word' id='word_1_242' title='bbox 1064 2096 1148 2127; x_wconf 87' lang='lat' dir='ltr'>vitae</span> 
     </span>
     <span class='ocr_line' id='line_1_82' title="bbox 894 2140 1272 2178; baseline 0.021 -9"><span class='ocrx_word' id='word_1_243' title='bbox 894 2140 1008 2177; x_wconf 79' lang='lat' dir='ltr'>pandit</span> <span class='ocrx_word' id='word_1_244' title='bbox 1032 2144 1064 2172; x_wconf 87' lang='lat' dir='ltr'>et</span> <span class='ocrx_word' id='word_1_245' title='bbox 1086 2145 1174 2174; x_wconf 85' lang='lat' dir='ltr'>astra</span> <span class='ocrx_word' id='word_1_246' title='bbox 1198 2145 1272 2178; x_wconf 89' lang='lat' dir='ltr'>suis.</span> 
     </span>
    </p>
   </div>
   <div class='ocr_carea' id='block_1_40' title="bbox 790 2213 1175 2249">
    <p class='ocr_par' dir='ltr' id='par_1_52' title="bbox 790 2213 1175 2249">
     <span class='ocr_line' id='line_1_83' title="bbox 790 2213 1175 2249; baseline 0.013 -4"><span class='ocrx_word' id='word_1_247' title='bbox 790 2214 822 2246; x_wconf 82' lang='lat'>3.</span> <span class='ocrx_word' id='word_1_248' title='bbox 847 2213 970 2246; x_wconf 87' lang='lat' dir='ltr'>Mentes</span> <span class='ocrx_word' id='word_1_249' title='bbox 995 2219 1175 2249; x_wconf 87' lang='lat' dir='ltr'>sanctorum</span> 
     </span>
    </p>
   </div>
   <div class='ocr_carea' id='block_1_41' title="bbox 847 2261 1392 2441">
    <p class='ocr_par' dir='ltr' id='par_1_53' title="bbox 847 2261 1392 2441">
     <span class='ocr_line' id='line_1_84' title="bbox 893 2261 1392 2300; baseline 0.018 -9"><span class='ocrx_word' id='word_1_250' title='bbox 893 2261 1029 2294; x_wconf 83' lang='lat' dir='ltr'>lustrans</span> <span class='ocrx_word' id='word_1_251' title='bbox 1046 2264 1131 2296; x_wconf 91' lang='lat' dir='ltr'>Deus</span> <span class='ocrx_word' id='word_1_252' title='bbox 1155 2265 1207 2297; x_wconf 91' lang='lat' dir='ltr'>hic</span> <span class='ocrx_word' id='word_1_253' title='bbox 1223 2266 1392 2300; x_wconf 78' lang='lat' dir='ltr'>benedicat</span> 
     </span>
     <span class='ocr_line' id='line_1_85' title="bbox 847 2307 1160 2351; baseline 0.022 -14"><span class='ocrx_word' id='word_1_254' title='bbox 847 2307 1066 2350; x_wconf 86' lang='lat' dir='ltr'>Illuminetque</span> <span class='ocrx_word' id='word_1_255' title='bbox 1090 2312 1160 2351; x_wconf 86' lang='lat' dir='ltr'>pius</span> 
     </span>
     <span class='ocr_line' id='line_1_86' title="bbox 890 2358 1260 2398; baseline 0.016 -12"><span class='ocrx_word' id='word_1_256' title='bbox 890 2364 947 2386; x_wconf 89' lang='lat' dir='ltr'>nos</span> <span class='ocrx_word' id='word_1_257' title='bbox 972 2360 1001 2388; x_wconf 86' lang='lat' dir='ltr'>et</span> <span class='ocrx_word' id='word_1_258' title='bbox 1026 2358 1141 2398; x_wconf 87' lang='lat' dir='ltr'>ubique</span> <span class='ocrx_word' id='word_1_259' title='bbox 1164 2360 1260 2393; x_wconf 65' lang='lat' dir='ltr'>Deus</span> 
     </span>
     <span class='ocr_line' id='line_1_87' title="bbox 1177 2413 1220 2441; baseline 0.023 -13"><span class='ocrx_word' id='word_1_260' title='bbox 1177 2413 1220 2441; x_wconf 77' lang='grc'>2*</span> 
     </span>
    </p>
   </div>
  </div>
 </body>
</html>
