1650 2542
730 137 982 172 —170—

294 228 441 260 Multavit
469 230 607 261 coenobii

296 275 398 305 Vanus
426 278 604 314 apparatus.

261 373 267 379 .
294 348 403 379 Bellua
426 358 515 388 quam
540 350 621 381 vidit

339 398 465 426 cruenta
489 394 621 426 famulus
648 404 749 434 aeger,

292 440 431 471 Territus
455 442 616 479 exclamat,

334 486 487 516 succurrit
510 487 581 517 ilico
602 488 702 525 pater,

290 530 476 561 Daemonem
501 532 547 562 sic
571 530 653 571 ferit,

336 585 373 607 ex
399 584 489 607 cruce
512 578 589 609 visio
612 578 704 617 perit,

250 646 256 653 .
287 622 466 661 Impavidus
491 626 614 654 exstans

332 668 403 706 quia
430 669 546 701 Christi
576 669 720 709 stigmata
751 679 823 709 por-

602 718 681 748 tanS.

252 811 259 818 .
283 787 381 818 Missa
407 788 531 819 cohorte

329 834 505 865 truculenta
527 835 628 874 nimis,

282 879 368 910 Petri
392 880 518 920 maligni

329 926 468 964 saginata
492 927 581 966 dolis,

282 970 443 1009 Templum
467 973 593 1012 ignitur,

327 1018 469 1049 monachi
495 1019 674 1059 caeduntur,

279 1063 316 1093 In
340 1064 516 1095 miseranda

329 1109 417 1140 clade
438 1111 577 1142 oviculae

374 1155 486 1186 Christi
511 1158 685 1188 traduntur.

242 1224 248 1230 .
278 1200 430 1232 Iohannes
455 1205 544 1240 pater
568 1203 704 1241 veniens,

283 1245 501 1285 Compassione
520 1249 641 1288 plenus,

280 1292 400 1324 Avidus
424 1295 565 1333 martyrii
591 1295 725 1327 dolebat.

250 1388 257 1395 .
282 1364 372 1396 Felix
396 1367 473 1399 hora
498 1368 570 1399 dum
593 1369 726 1399 instaret

327 1412 426 1443 exitus
451 1421 468 1443 e
492 1422 629 1457 corpore,

279 1456 416 1489 Maestos
441 1458 554 1491 fratres
578 1461 731 1492 recreavit

325 1512 412 1535 sacro
438 1505 553 1537 Christi
578 1505 713 1545 foedere,

277 1549 430 1589 Angelum
453 1552 604 1590 aspiciens

324 1598 446 1628 scandit
468 1598 611 1629 thronum
636 1599 763 1638 gloriae,

280 1641 371 1673 Cuius
396 1652 490 1682 prece
512 1645 709 1676 sublevemur

322 1688 354 1719 in
378 1697 511 1727 superno
537 1691 673 1722 cardine.

239 1756 246 1763 .
276 1733 378 1764 Patris
402 1735 475 1765 almi

324 1779 436 1819 Vigent
458 1781 580 1813 illibata

279 1825 374 1856 Sacra
396 1827 536 1859 membra
559 1828 662 1859 triduo

278 1871 391 1903 Merito
415 1873 448 1904 in
472 1874 577 1912 quinto

276 1917 385 1949 Mense
408 1917 529 1951 fervido

322 1964 404 1995 Mire
428 1970 618 2000 conservata.

366 2102 411 2134 In
435 2104 659 2139 Laudibus,

418 2185 607 2221 Antiphonae.

243 2274 249 2281 .
276 2249 410 2289 Spiritus
435 2253 534 2283 sancti
555 2254 664 2285 iubare

322 2299 455 2329 Tantum
478 2300 632 2340 radiabat,

275 2344 320 2376 Ut
342 2344 447 2375 statim
470 2346 572 2384 prima
595 2346 675 2378 facie

958 231 1101 262 Hominis
1126 232 1295 263 intrinsece

1002 279 1126 310 Arcana
1150 279 1287 312 videbat.

899 334 930 363 2.
956 331 1120 364 Certamen
1148 335 1329 374 aggreditur

1001 378 1098 410 Dirae
1121 381 1288 419 vastitatis,

954 426 1015 456 Pro
1041 434 1103 464 qua
1125 425 1300 458 refellenda

953 471 1125 503 Monachus
1147 473 1272 512 eligitur

997 518 1099 549 Mirae
1124 519 1311 551 sanctitatiS.

918 598 925 605 .
951 572 1122 603 Horridum
1146 582 1276 606 examen

995 619 1116 657 Ignium
1140 621 1297 660 statuitur,

951 665 1039 703 Quod
1064 674 1083 695 a
1108 665 1224 696 Christi
1248 665 1364 697 famulo

950 711 1039 742 Victo
1063 711 1152 742 hoste
1176 711 1302 743 turbido

996 756 1057 788 Pro
1081 756 1145 788 fide
1169 758 1333 791 transitur.

914 837 921 843 .
946 811 1118 843 Laboranti
1142 813 1254 844 misero

946 858 1053 897 Militi,
1079 859 1132 897 qui
1156 859 1187 890 in
1212 859 1342 898 grabato

991 905 1042 936 Ad
1069 905 1185 936 exitum
1210 906 1365 946 manebat,

946 950 1044 981 Missa
1071 951 1258 991 benedictio,

946 996 1048 1028 Parva
1071 998 1162 1035 panis
1187 998 1290 1036 portio

992 1043 1106 1074 Sanum
1132 1044 1280 1083 erigebat.

911 1123 918 1130 .
944 1097 974 1128 A
997 1106 1092 1136 prece
1115 1099 1216 1137 patris
1242 1099 1351 1130 intima

942 1144 1019 1174 Alta
1042 1147 1135 1175 ruunt
1160 1143 1295 1184 fastigia,

941 1189 1023 1221 Dum
1047 1190 1140 1221 rivuli
1165 1191 1359 1223 vehementia

942 1234 1054 1267 Secuta
1078 1235 1139 1267 fuit
1159 1237 1301 1276 imperia.

1054 1345 1099 1372 Ad
1120 1346 1302 1374 Benedictus.

905 1435 912 1442 .
942 1410 966 1442 O
991 1411 1091 1442 virum
1116 1413 1342 1454 admirabilem,

988 1457 1192 1489 Laudabilem
1217 1461 1403 1500 praeconiiS,

942 1503 1057 1534 Christi
1081 1504 1219 1536 thesauri
1243 1507 1391 1538 scrinium

939 1548 980 1579 Et
1004 1550 1154 1581 trinitatis
1179 1552 1301 1591 solium,

942 1595 1044 1626 Tuere
1067 1605 1123 1627 nos
1148 1606 1167 1628 a
1191 1598 1315 1629 callidis

988 1642 1133 1673 Hostium
1156 1643 1289 1676 insidiiS.

1012 1789 1056 1821 In
1079 1792 1109 1823 2.
1137 1791 1348 1831 Vesperis.

1057 1872 1102 1899 Ad
1119 1874 1295 1909 Mag-nificat.

902 1960 909 1967 .
940 1937 964 1969 O
990 1938 1153 1980 Iohannes,
1178 1941 1287 1973 inclite

985 1985 1080 2016 Pater
1102 1987 1333 2027 monachorum,

940 2029 1041 2069 Super
1065 2032 1151 2063 clara
1172 2033 1267 2064 hodie

987 2076 1098 2108 Sidera
1120 2079 1263 2116 polorum

942 2122 1053 2153 Vectus
1078 2123 1258 2164 honorifice,

940 2167 1048 2199 Choris
1075 2169 1292 2202 decentissime

984 2214 1127 2246 Necteris
1149 2220 1337 2258 sanctorum,

939 2260 1077 2299 Supplex
1102 2262 1155 2302 sis,
1181 2272 1316 2304 oramus,

939 2306 999 2337 Pro
1026 2308 1143 2339 cunetis
1168 2309 1313 2342 fidelibus

938 2353 1033 2391 Apud
1056 2362 1161 2394 regem
1184 2357 1312 2395 gloriae.
