1650 2542
675 121 928 155 -193—

231 206 314 245 Quos
339 218 358 240 a
380 211 468 241 vanis
494 214 525 242 ot
549 212 689 251 profanis

276 254 401 286 Ritibus
424 258 575 289 recedere

276 299 321 331 Et
344 301 376 332 in
405 301 562 335 Christum
589 306 717 337 credere

230 346 389 386 Compulit
415 348 471 379 sub
497 351 584 388 pacis
610 350 747 385 foedere.

159 392 196 423 V.
227 391 308 424 Duoi
338 393 498 425 Danorum

276 439 333 471 sub
357 440 426 471 iure
450 442 538 482 regio

228 484 387 516 Honorem
417 488 544 519 exhibet

274 531 454 564 Solavorum
481 534 572 574 legio.

168 618 198 648 2.
225 615 318 648 Felix
342 617 403 647 iste
426 617 548 649 vicibus

275 661 391 694 fruitur
414 664 565 704 paternis,

225 708 307 740 Nam
332 709 485 741 obstrusis
511 711 646 750 undique

270 755 406 787 hostium
430 757 572 788 cavernis

224 802 298 833 Dux
324 802 380 833 dat
402 803 448 833 uti
472 803 602 835 Daciam

270 848 391 887 legibus
415 850 585 884 modernis.

183 919 190 926 .
222 894 376 926 Providus
399 895 432 926 in
457 904 562 935 opero,

271 949 369 973 verax
392 942 425 972 in
451 942 656 980 sermonibus,

222 987 305 1018 Vere
328 988 396 1019 Deo
421 988 541 1027 placuit

271 1036 303 1065 et
326 1034 426 1066 dulcis
451 1034 637 1066 hominibus.

187 1141 194 1148 .
220 1117 324 1149 Decus
349 1118 437 1157 regni
463 1120 494 1148 et
517 1119 657 1157 libertas,

223 1164 298 1203 Pax,
324 1162 390 1206 flos,
419 1162 538 1195 fructus
564 1167 595 1194 et
618 1164 754 1201 ubertas,

221 1210 332 1241 Surdis
357 1218 448 1241 aures
475 1211 531 1241 das
556 1214 689 1251 apertas,

220 1256 357 1297 Linguas
382 1257 476 1288 mutis
504 1257 559 1288 das
586 1257 729 1299 disertas,

223 1303 352 1335 Claudis
376 1311 511 1343 gressus,
545 1304 645 1334 caeeis
670 1304 765 1342 visus,

222 1350 368 1388 Quisquis
393 1358 486 1389 aeger
512 1352 560 1381 est
585 1348 719 1381 confisus

265 1396 303 1428 In
328 1399 369 1435 te,
395 1405 487 1427 sanus
512 1396 675 1435 redditur,

168 1442 187 1473 '.
219 1442 367 1475 Coetibus
392 1442 540 1481 angelicis

265 1490 389 1519 iunctus
415 1497 510 1529 super
535 1492 621 1519 astra
644 1489 758 1519 locaris

218 1536 324 1574 Atque
347 1535 409 1566 tuis
435 1533 559 1566 famulis

265 1582 299 1613 in
324 1582 417 1612 terris
441 1581 612 1613 auxiliaris.

305 1722 350 1753 In
375 1721 604 1753 Laudibus.

359 1823 550 1858 Antiphonae.

182 1915 189 1922 .
216 1890 254 1921 In
278 1889 439 1928 matutinis
463 1889 609 1921 laudibus

216 1936 378 1968 Exaudiat
402 1938 433 1966 te
457 1935 609 1967 Dominus

217 1982 262 2014 Et
286 1983 387 2014 sancti
411 1982 461 2013 sui
484 1983 604 2013 meritis

218 2029 284 2061 Nos
309 2031 415 2061 servet
439 2039 457 2060 a
480 2029 624 2068 periculis

264 2076 300 2108 In
326 2076 523 2116 longitudine
549 2076 679 2108 dierum.

156 2167 187 2193 ·.
214 2160 350 2191 lubilate
376 2163 406 2190 et
429 2161 546 2192 servite

212 2207 275 2246 Illi,
302 2207 355 2245 qui
381 2209 428 2238 est
453 2210 561 2239 auctor
586 2206 678 2244 vitae,

214 2253 259 2285 Ut
283 2256 447 2292 sequentes
472 2257 612 2285 sanetum
641 2254 749 2285 ducem

214 2299 319 2332 Ducat
342 2308 398 2331 nos
424 2300 465 2331 ad
490 2309 596 2332 veram
621 2300 723 2332 lucem

261 2346 386 2380 Veritas
412 2347 486 2380 eius.

199 2406 324 2431 Dreves,
341 2404 462 2428 Historiae
475 2406 627 2433 rhythmicae.
657 2405 695 2428 VI.

845 217 876 249 3.
901 216 986 248 Deus
1009 224 1105 256 meuS,
1132 216 1274 256 Domine,

901 262 1001 294 Labia
1026 271 1095 293 mea
1117 263 1289 294 laudabunt
1314 266 1354 302 te,

902 309 942 341 Os
966 309 1040 339 iusti
1064 309 1158 340 laude
1181 309 1363 348 replebitur,

902 355 942 387 Os
968 355 1159 386 obstructum
1186 356 1363 386 destruetur

948 401 1152 440 Loquentium
1178 402 1293 441 iniqua.

867 510 874 517 .
900 484 1082 516 Benedicite
1103 492 1207 523 regem
1231 485 1378 524 iustitiae,

901 532 995 568 Quem
1020 533 1143 561 secutus
1170 531 1232 562 dux
1257 531 1366 563 beatus

899 576 960 608 Est
984 585 1051 607 cum
1073 577 1189 608 sanctis
1215 578 1369 608 exaltatus

945 623 982 654 In
1007 623 1131 654 saecula

844 708 871 739 ⁹.
898 706 1087 737 Laudabunt
1115 714 1220 736 omnes
1245 707 1348 747 angeli

898 752 1017 783 Nomen
1042 755 1182 783 sanctum
1208 752 1343 792 Domini,

896 798 939 829 Et
963 801 1061 830 mater
1086 798 1217 829 ecelesia

898 846 959 876 Pro
984 844 1041 876 filii
1066 845 1113 875 sui
1135 845 1234 884 gloria

943 890 1068 922 Laudat
1096 890 1271 922 Dominum.

1010 1009 1055 1036 Ad
1074 1009 1254 1036 Benedictus.

858 1111 863 1117 .
893 1084 1082 1116 Benedictus
1107 1083 1269 1122 Dominus,

894 1131 952 1169 Qui
977 1130 1101 1161 virtutis
1124 1131 1348 1161 incrementum

941 1177 1054 1208 Sancto
1081 1177 1152 1208 duci
1177 1176 1316 1217 contulit,

894 1224 998 1256 Unum
1024 1232 1153 1262 granum
1178 1232 1276 1262 grana
1301 1226 1423 1253 centum

938 1269 1106 1300 Moriundo
1131 1269 1272 1308 protulit,

894 1316 938 1348 Ut
962 1324 1024 1347 non
1047 1315 1145 1346 intret
1168 1316 1201 1346 in
1225 1318 1415 1346 tormentum

939 1363 1050 1394 Patent
1078 1361 1304 1400 peccatoribus,

892 1408 950 1440 Pie
976 1408 1048 1447 dux,
1074 1408 1157 1438 hune
1175 1408 1234 1439 duo
1252 1410 1435 1439 conventum

939 1454 987 1485 De
1010 1455 1132 1493 peceati
1156 1453 1277 1485 foribus

985 1501 1022 1531 In
1046 1501 1127 1532 viam
1151 1501 1248 1540 pacis.

963 1659 1006 1690 In
1033 1660 1063 1690 2.
1090 1657 1304 1697 Vesperis.

1011 1759 1056 1786 Ad
1076 1758 1253 1794 Magnificat.

852 1860 859 1867 .
890 1835 998 1867 Dulcis
1023 1838 1154 1876 martyr,
1182 1836 1246 1867 dux
1273 1835 1408 1875 Kanute,

937 1882 1023 1913 Audi
1048 1890 1156 1921 preces
1181 1882 1369 1921 supplicum,

890 1928 961 1959 Duo
984 1937 1040 1959 nos
1067 1928 1106 1959 de
1130 1929 1189 1960 hac
1212 1928 1371 1971 servitute,

892 1974 941 2006 Ne
966 1978 1130 2013 peccatum
1153 1984 1210 2006 nos
1235 1975 1391 2014 privatum

939 2021 1013 2053 Sive
1037 2023 1137 2053 scelus
1161 2021 1319 2061 publicum

938 2068 1041 2100 Ducat
1065 2069 1106 2101 ad
1131 2069 1304 2107 interitum,

891 2114 953 2146 Sed
979 2123 1048 2146 oum
1073 2116 1163 2147 iustis
1188 2118 1220 2146 et
1245 2124 1313 2147 oum
1339 2116 1429 2147 bonis

890 2161 1021 2193 Terram
1046 2162 1299 2201 repromissionis

936 2208 1002 2239 Fac
1024 2209 1146 2240 intrare

935 2255 979 2286 Et
1003 2255 1035 2286 in
1060 2264 1097 2287 ea
1120 2256 1294 2295 perdurare

885 2301 946 2333 Per
970 2304 1057 2335 tuum
1082 2305 1222 2335 sanctum
1249 2302 1390 2333 meritum

938 2349 975 2380 In
1000 2353 1169 2381 aeternum.
