1650 2542
782 117 1010 152 -74-..

259 216 299 248 V.
328 215 448 246 Devote
473 214 560 246 Grati

374 268 555 291 veneremur
578 259 659 290 festa
682 258 777 291 beati.

272 336 304 366 2.
328 333 416 365 Festi
440 333 531 365 Grati
553 334 607 365 lux
630 332 744 370 illuxit,

330 381 442 413 Gratus
467 379 533 410 Deo
558 381 678 418 gratam
703 377 792 409 duxit

371 426 477 457 Vitam
501 433 555 456 suo
579 427 729 465 tempore,

322 471 424 502 Deum
447 471 536 502 videt
558 471 590 501 in
615 470 723 509 gloria,

327 517 440 548 Gratus
465 515 524 547 fuit
547 515 700 546 munditia

367 562 411 593 Et
432 564 535 592 mente
556 563 586 591 et
611 566 752 600 corpore.

255 609 291 642 V.
323 608 436 639 Gratus
462 609 529 638 erat
553 607 686 648 Christo,

371 654 443 685 dum
467 654 582 686 mundo
607 653 686 685 vixit
708 653 741 684 in
764 652 836 684 isto.

267 730 297 761 3.
323 728 413 760 Libri
434 727 564 758 tradunt
586 727 791 766 antiquorum,

323 775 411 812 Quod
436 782 568 812 corpora
591 773 805 804 Thebaeorum

369 820 447 852 Cum
467 819 612 859 praesule
635 819 718 851 socio

319 866 449 898 Sanctus
474 865 589 897 Gratus
614 865 811 905 congregavit

319 913 363 944 Et
385 913 416 943 in
441 921 535 942 unum
562 911 726 943 collocavit

367 958 495 990 Pietatis
520 957 633 997 studio,

251 1005 289 1036 V.
317 1005 442 1036 Partem
465 1012 561 1042 penes
585 1011 627 1041 se,

366 1050 464 1081 voluit
487 1051 577 1089 pater
602 1058 619 1079 e
642 1048 753 1088 quibus
778 1057 855 1080 esse.

375 1151 419 1182 In
445 1153 475 1183 2.
501 1151 726 1183 Nocturno.

449 1223 639 1258 Antiphonae.

260 1280 291 1314 1.
318 1280 442 1319 Gratus,
467 1279 592 1318 praesul
614 1278 831 1319 Augustensis‚

315 1326 456 1357 Viriliter
480 1325 518 1356 ab
543 1324 676 1364 offensis,

362 1371 443 1402 Dum
467 1371 555 1410 vixit,
580 1370 741 1403 abstinuit.

261 1447 290 1477 2.
315 1445 399 1476 Hinc
421 1445 454 1475 in
477 1446 563 1476 terra
588 1444 773 1475 christicolis

313 1490 357 1522 Et
379 1491 413 1521 in
437 1491 522 1521 caelo
548 1490 702 1521 caelicolis

356 1536 434 1568 Eius
455 1537 520 1567 vita
543 1536 671 1575 placuit.

258 1612 288 1643 3.
314 1610 401 1641 Sicut
424 1609 484 1641 fuit
507 1613 612 1650 gratus
636 1610 711 1650 vita,

315 1656 404 1687 Grati
428 1665 537 1695 preces
562 1659 667 1696 gratas
691 1657 737 1687 ita

359 1702 461 1742 Signis
485 1702 569 1733 Deus
592 1702 702 1735 innuit.

441 1784 644 1819 Responsoria.

258 1840 287 1871 1.
313 1839 442 1871 Sanctus
469 1840 583 1872 Gratus
606 1840 639 1871 in
661 1840 804 1880 Augusta

312 1886 440 1917 Praesul
465 1885 525 1917 fuit
549 1895 642 1918 causa
665 1887 756 1928 iusta,

354 1932 543 1971 Urgentibus
566 1933 695 1973 meritis,

311 1978 484 2009 Virtutibus
509 1988 579 2010 nam
603 1979 753 2019 pollebat,

310 2023 430 2056 Bonum
455 2033 532 2063 opus
557 2025 722 2056 exercebat

355 2070 400 2101 Et
419 2071 504 2109 pium
527 2071 559 2102 in
581 2071 724 2113 subditis,

242 2116 277 2147 V.
305 2116 418 2148 Plenus
442 2117 605 2148 honestate

356 2162 471 2194 Gratus
495 2162 554 2194 fuit
578 2165 610 2194 et
631 2164 780 2196 bonitate.

251 2237 283 2269 2.
310 2237 411 2276 Caput
434 2237 580 2269 Iohannis
603 2238 766 2277 Baptistae

308 2283 473 2315 Relcvavit
495 2287 618 2316 sanctus
641 2285 702 2315 iste

352 2331 401 2362 De
424 2331 511 2369 putei
535 2331 692 2373 sordibus,

919 349 956 380 V.

991 210 1080 248 Quod
1101 209 1168 241 sola
1191 209 1252 241 Dei
1276 209 1378 250 gratia

987 256 1093 295 Atque
1115 264 1243 295 precum
1266 256 1417 288 instantia

1035 302 1170 334 Saltavit
1192 303 1225 334 in
1248 302 1411 345 manibus3

991 347 1101 380 Gratia
1124 349 1166 380 sit
1189 351 1279 389 grata

1037 395 1138 435 dignis
1163 395 1280 426 virtute
1304 396 1428 434 negata.

931 451 962 482 3.
990 449 1066 481 Cum
1093 452 1244 489 properat
1266 450 1399 481 Romam
1420 449 1468 480 ire

903 2140 942 2172 V.

914 2243 944 2275 3.

991 497 1097 535 Papae
1121 497 1229 528 volens
1255 496 1406 527 oboedire

1034 543 1072 574 1n
1097 542 1145 573 his
1171 544 1203 573 et
1225 542 1257 573 in
1283 542 1434 584 omnibus,

990 589 1078 627 Quod
1103 589 1231 620 advenit
1254 588 1346 620 homo
1369 588 1479 630 bonus,

987 634 1025 666 In
1048 635 1205 674 campanis
1232 635 1324 666 docet
1347 643 1440 667 sonus

1033 680 1150 720 Sponte
1173 681 1402 723 resonantibus,

987 726 1181 758 Concurrunt
1206 727 1271 757 cari

1031 782 1109 812 pace
1133 772 1263 804 Gratum
1289 774 1438 805 venerari.

1046 866 1091 897 In
1118 867 1148 898 3.
1175 865 1401 899 Nocturno.

1120 929 1313 965 Antiphonae.

949 1013 956 1020 .
984 986 1212 1025 Campanarum
1237 987 1342 1026 signat
1365 995 1471 1026 sonus,

982 1033 1188 1075 Mortuorum‚
1216 1042 1307 1072 quam
1332 1033 1374 1064 sit
1397 1033 1508 1072 bonus,

1029 1079 1205 1110 Ostendunt
1228 1080 1391 1111 miracula.

981 1134 1051 1165 Non
1076 1134 1155 1164 abiit
1179 1134 1230 1164 hic
1253 1137 1327 1172 post
1348 1143 1468 1171 aurum,

982 1180 1075 1212 Caelo
1101 1180 1243 1211 condidit
1266 1180 1445 1211 thesaurum

1026 1226 1176 1257 Immunis
1201 1234 1220 1257 a
1243 1226 1376 1258 macula.

983 1280 1084 1318 Super
1106 1289 1208 1319 pauca
1232 1279 1294 1311 fuit
1316 1280 1411 1322 fidus,

980 1326 1083 1365 Supra
1105 1327 1204 1358 multa
1227 1327 1347 1358 clarum
1370 1328 1458 1359 sidus

1024 1372 1173 1411 Fulgebit
1195 1381 1254 1411 per
1278 1374 1412 1406 saecula.

1112 1437 1317 1471 ResponsurIa.

947 1508 954 1515 .
979 1483 1125 1515 Bonitate
1150 1483 1242 1515 Grati
1265 1487 1340 1516 nota

980 1530 1068 1568 Papa
1093 1538 1163 1560 cum
1188 1531 1275 1562 curia
1299 1534 1366 1562 tota

1021 1575 1139 1607 Locum
1163 1576 1246 1607 sedis
1272 1585 1438 1616 congruum

978 1622 1054 1653 Post
1076 1631 1177 1662 papae
1196 1623 1303 1654 sedem
1328 1624 1506 1655 concedunt

976 1667 1020 1699 Et
1043 1668 1195 1707 omnibus,
1221 1669 1273 1708 qui
1297 1670 1478 1709 succedunt,

1022 1714 1105 1745 Hinc
1129 1717 1160 1745 et
1182 1715 1214 1746 in
1238 1718 1441 1756 perpetuum3

973 1761 1069 1799 Quem
1093 1761 1181 1792 videt
1205 1769 1272 1792 esse
1295 1762 1420 1801 bonum,

1023 1807 1078 1838 dat
1092 1816 1176 1846 papa
1186 1807 1301 1839 bonum
1314 1808 1375 1839 sibi
1388 1809 1516 1840 donum.

942 1886 949 1893 .
974 1862 1079 1894 Unum
1107 1862 1191 1894 domi
1215 1864 1267 1903 qui
1287 1864 1434 1904 migravit

975 1908 1107 1939 Sanctus
1133 1909 1249 1941 Gratus
1273 1911 1437 1942 suscitavit

1019 1955 1179 1987 Mortuum
1199 1957 1380 1995 precatibus

972 2001 1176 2041 Alterumque
1199 2002 1382 2034 suffocatum

972 2048 1071 2086 Aquis
1098 2048 1187 2079 dedit
1211 2050 1396 2082 suscitatum

1018 2094 1123 2125 Motus
1148 2095 1258 2126 matris
1281 2094 1427 2138 fletibus;

971 2140 1031 2171 Est
1051 2141 1156 2171 meriti
1179 2140 1281 2181 fortis,

1018 2187 1070 2225 qui
1093 2187 1178 2218 tollit
1201 2189 1309 2220 taedia
1331 2190 1452 2223 mortis,

971 2242 1019 2273 De
1042 2244 1186 2281 supernis
1208 2244 1270 2275 iste
1293 2247 1419 2276 sanctus

970 2288 1158 2320 Miserorum
1181 2291 1272 2322 audit
1295 2292 1440 2330 planctus

1016 2335 1061 2366 Et
1083 2336 1169 2368 videt
1194 2338 1363 2378 angustias,
