1650 2542
678 118 929 154 —219—

163 214 258 278 ζῗέῗέ
276 215 512 286 ῗέιέἕεὲϊᾶεΑθῡο.
539 231 571 235 —
593 212 613 240 R
633 212 660 249 4,
680 211 698 241 8
718 213 839 249 largitur
859 212 952 240 oleum
972 211 1005 238 A.
1032 223 1068 228 -—
1093 209 1133 235 In
1153 207 1257 235 Laud.
1276 206 1321 234 Ad
1341 204 1445 233 Bened.

354 260 373 277 Π
395 260 411 278 Θ
462 260 469 277 :

387 297 560 324 Benedictus
580 297 731 329 Dominus,
756 297 807 332 qm·
825 294 992 322 mirificavit

387 333 485 369 Signis
505 334 689 361 mirabilibus
710 334 851 366 dilectam,
873 339 958 367 quam
978 331 1094 363 amavit,

386 370 579 398 Katharinam
601 372 751 406 virginem,
772 378 835 397 eam
854 368 996 396 visitando

387 408 428 435 Et
447 409 570 435 carceris
593 408 747 443 caliginem
766 407 875 434 lumine
893 405 1021 433 vocando
1042 401 1086 440 [1.:
1108 398 1254 437 fugando}

387 445 423 472 In
442 446 508 480 ipsa
527 446 641 480 signum
659 445 771 480 gratiae
790 444 913 478 amplius
933 443 1038 476 illuxit,

389 481 460 509 Cum
479 482 526 509 lac
546 482 704 517 pudicitiae
718 488 770 516 pro
790 481 931 516 sanguine
950 479 1067 506 efflum't.

387 520 432 546 De
451 519 506 546 hac
524 520 617 546 fluens
638 518 741 550 oleum,
764 518 877 553 signum
897 517 1022 552 pietatis,

391 556 473 590 Quod
500 556 592 583 turbis
613 557 658 582 est
676 554 804 582 fidelium
824 562 912 581 causa
930 554 1072 580 sanitatis.

388 593 553 621 Exauditur
572 601 694 628 propere
713 592 844 619 bonitate
865 590 981 623 Christi,

389 631 466 658 Dum
486 630 589 658 affatur
608 630 714 657 libere:
734 631 808 661 tene,
830 628 906 662 quod
925 628 1032 663 petisti,

389 668 424 695 In
443 669 562 702 perenni
581 667 688 703 gaudio
708 667 803 693 Deum
823 664 1040 700 contemplando

389 705 493 741 Ibique
512 705 621 741 absque
640 704 761 731 termino
783 704 889 729 sanctis
909 699 1112 736 corregnando.

163 755 207 817 {111
232 751 383 817 2.dVe³sp.
409 752 446 779 ad
464 752 561 786 Magn.
589 748 611 777 Α
634 751 792 777 Decoretur
818 748 879 775 dies
904 748 957 775 illa
983 749 1036 774 etc.
1056 746 1091 773 E.
1118 758 1155 764 -—
1180 744 1203 771 B
1230 743 1282 770 hat
1306 742 1379 769 noch
1399 741 1450 768 daz,

175 800 191 818 o
205 799 260 827 gen
281 799 297 817 e
347 799 354 815 :

333 837 368 864 R.
395 835 482 863 Salve
501 835 667 870 praedigna,
687 834 775 866 mitis,
796 835 932 866 castaque
950 831 1081 865 benigna,

390 873 494 899 Mortis
515 880 532 899 a
551 873 637 898 ruina
655 879 708 897 nos
729 869 855 901 defende,
875 868 1045 899 Katharina,

333 911 369 937 V.
390 909 503 945 Sponsa
521 909 583 936 Deo
603 910 694 944 grata,
716 914 802 942 super
821 908 900 932 astra
919 904 1040 931 deducta
1059 904 1152 930 beata.

168 958 303 991 Hymnen
323 956 525 989 verschieden3
546 954 568 982 C
587 956 619 981 in
639 952 664 980 1.
685 954 770 988 Vesp.
791 952 827 979 de
847 951 1005 982 Communi,
1027 949 1061 976 ad
1083 948 1212 975 Laudes:
1233 947 1331 981 Pange
1350 945 1451 980 lingua

166 995 311 1030 gloriosae
329 993 426 1028 (Mone
446 993 501 1026 111,
521 990 600 1027 368);
621 991 647 1018 A
666 992 697 1017 in
718 989 743 1017 1.
762 990 864 1023 Vesp.:
884 988 984 1023 Pange
1001 987 1102 1020 lingua
1120 985 1273 1020 gloriosae,
1293 985 1324 1009 in
1343 982 1453 1009 Laud.:

167 1032 310 1059 Praesens
330 1031 392 1058 dies
412 1030 589 1065 expendatur
607 1028 704 1063 (Mone
722 1027 742 1053 1.
762 1025 805 1060 c.).

542 1128 588 1158 75.
619 1127 661 1157 De
681 1134 704 1157 s.
725 1124 899 1156 Katharina
920 1123 956 1153 de
975 1120 1093 1153 Suecia.

310 1199 355 1230 In
383 1198 413 1230 1.
439 1197 546 1235 Vesp
557 1196 651 1227 eris,
841 1193 879 1224 R.
909 1192 933 1224 Ο
958 1193 1091 1231 patrona
1115 1187 1300 1226 Katharina,

380 1279 572 1315 Antiphonae.

206 1363 214 1371 .
240 1338 385 1377 Laetare,
412 1336 486 1368 Sion
509 1334 585 1374 filia,

239 1384 382 1416 Iucunda
405 1382 457 1414 fac
479 1381 619 1421 tripudia

288 1430 481 1462 Katharinae
501 1426 682 1465 sollemniis,

239 1478 324 1517 Quae
348 1476 511 1508 viduarum
535 1473 695 1513 speculum

238 1524 319 1555 Erat
348 1525 546 1554 contemnens
569 1519 736 1557 saeculum,

285 1570 352 1601 Iam
377 1567 484 1600 fruens
511 1567 588 1598 caeli
605 1565 736 1604 gaudiis.

206 1653 211 1659 .
241 1626 327 1657 Haec
352 1634 371 1656 a
394 1625 502 1655 sancta
524 1622 699 1664 propagine

287 1671 447 1704 Processit
469 1671 655 1710 propagata,

240 1719 371 1751 Servato
397 1717 462 1748 eius
488 1716 600 1748 ordine

285 1764 422 1798 Vivebat
446 1763 514 1795 Deo
535 1765 633 1803 grata.

208 1846 216 1854 .
243 1821 299 1854 Pia
325 1822 426 1851 mater
450 1820 512 1850 iam
536 1817 673 1857 puellam

286 1868 410 1899 Devota
433 1865 584 1897 exercitia

240 1915 342 1947 Docet
364 1915 561 1951 mentemque
582 1909 730 1941 tenellam

284 1961 338 1993 Ad
363 1962 541 1991 sanctorum
567 1956 705 1989 servitia.

205 2042 213 2051 .
239 2017 359 2056 saram,
385 2018 492 2047 natam
513 2012 672 2053 Raguelis‚

287 2064 402 2096 Sancte
426 2062 534 2094 vivens
556 2059 706 2099 sequitur,

239 2111 316 2143 Eius
342 2109 469 2142 Christo
493 2116 581 2139 mens
605 2106 638 2137 in
664 2104 758 2136 caelis

290 2157 420 2189 Placere
445 2154 632 2195 disponitur.

184 2219 196 2246 5
208 2239 216 2247 .
244 2213 347 2245 Natae
370 2212 525 2252 Birgittae
546 2208 694 2242 laudibus

286 2259 410 2291 Devote
433 2258 637 2298 persistentes

239 2307 370 2345 Harum,
401 2304 534 2344 Christe,
559 2312 616 2335 nos
640 2300 788 2341 precibus

287 2355 354 2386 Fac
377 2354 480 2383 tecum
504 2349 747 2390 congaudentes

909 1236 1107 1270 Infirmorum
1130 1234 1294 1273 medicina,

957 1283 1149 1322 Pupillorum
1171 1280 1311 1319 baculus,

910 1330 1112 1361 Peccatorum
1139 1337 1159 1359 a
1182 1327 1274 1358 ruina

909 1376 1023 1407 Trahis
1046 1384 1123 1406 sana
1147 1382 1215 1404 cum
1242 1371 1394 1411 doctrina,

955 1422 1092 1461 Fulgens
1115 1423 1151 1451 ut
1175 1418 1380 1451 carbunculus

910 1469 1012 1508 Signis
1039 1467 1131 1498 certis
1154 1465 1339 1503 sanctitatis,

909 1516 995 1554 Quae
1018 1514 1240 1551 demonstrant,
1267 1519 1336 1542 cum
1353 1510 1452 1541 beatis

953 1561 1033 1593 Esse
1056 1563 1088 1590 te
1112 1559 1146 1590 in
1170 1558 1288 1598 gloria;

871 1633 879 1641 .
910 1606 1035 1647 Confer,
1060 1608 1160 1637 mater
1183 1604 1321 1644 pietatis,

911 1655 1009 1686 Prece
1036 1654 1108 1684 luce
1133 1651 1283 1683 claritatis

956 1700 1033 1732 Frui
1058 1702 1131 1739 post
1155 1697 1274 1731 exsilia.

1028 1773 1072 1800 Ad
1090 1770 1268 1807 Magnificat.

872 1859 879 1866 .
910 1832 935 1865 O
961 1831 1128 1863 Succorum
1153 1830 1315 1867 advocata,

911 1877 1098 1916 Katharina,
1123 1876 1242 1907 sociata

959 1923 1084 1955 Christo
1108 1921 1319 1962 aeternaliter,

912 1971 1006 2004 Clara
1029 1969 1105 2001 sede
1126 1969 1287 2008 collocata,

914 2017 1000 2050 Caeli
1026 2017 1100 2048 dote
1123 2017 1281 2053 coronata,

960 2064 1113 2104 Sponsum
1138 2062 1249 2093 videns
1273 2060 1396 2101 iugiter,

912 2112 1016 2144 Prava
1039 2117 1179 2149 quaeque
1202 2110 1385 2148 perpetrata

912 2159 1011 2190 Prece
1040 2157 1110 2188 dele
1135 2165 1203 2187 cum
1227 2155 1321 2185 beata

960 2203 1167 2243 Deprecando
1191 2202 1368 2240 Dominum,

917 2252 960 2284 Ut
984 2251 1077 2282 donet
1105 2249 1285 2281 desiderata

912 2298 1010 2337 Bona,
1040 2297 1156 2328 sanctis
1179 2296 1347 2335 assignata,

962 2345 1037 2377 Post
1060 2345 1143 2377 hunc
1164 2343 1248 2375 vitae
1271 2341 1447 2374 terminum.
