1650 2542
735 121 988 156 -176—

301 220 456 253 Nazareth
484 219 571 258 virgo
594 217 697 256 rediit,

299 267 479 298 Bethlehem
502 265 614 304 Ioseph
640 262 764 294 transiit

345 312 470 351 Nuptiis
493 311 682 350 provisurus,

261 384 268 391 .
297 359 408 397 loseph
439 358 561 397 quidem
583 357 743 395 ignorante

344 405 436 443 Virgo
461 402 654 441 fecundatur,

304 450 449 482 Gabriele
472 448 632 479 nuntiante

345 495 484 527 Christus
507 494 695 525 incarnatur.

265 578 271 583 .
297 550 409 588 Ioseph
433 549 589 581 admirans
611 547 739 586 stupuit,

343 596 415 633 Quis
438 603 581 633 sponsam
597 593 832 633 impraegnavit,

299 642 360 673 Sed
385 641 470 680 virgo
495 649 561 671 rem
585 640 727 678 exposuit

340 687 383 719 Et
405 695 517 725 sponso
541 686 700 724 revelavit,

294 734 351 771 Qui
378 732 471 764 fidem
496 732 618 771 quidem
643 731 796 770 praebuit,

341 779 404 810 Sed
428 777 531 818 fugam
556 778 710 818 cogitavit.

256 852 263 859 .
295 825 381 856 Siout
405 825 513 856 Petrus
536 824 696 863 pertimuit

343 871 474 902 Dicens:
500 871 612 901 recede
635 870 777 907 Domine,

296 917 348 948 Sic
370 925 403 947 se
425 917 585 956 indiguum
610 916 728 947 censuit

342 962 456 1001 Ioseph
481 965 565 993 stare
588 971 655 993 cum
679 962 808 1002 virgine.

358 1093 403 1124 In
428 1093 458 1125 2.
483 1091 704 1123 Nocturno.

436 1182 624 1217 Antiphonae.

268 1272 275 1278 .
302 1248 414 1286 Ioseph
439 1257 534 1287 vagus
559 1256 625 1278 cum
650 1249 779 1287 parvulo

340 1295 484 1333 Aegypto
510 1297 724 1333 commoratur.

299 1340 447 1371 Abiectus
473 1340 519 1370 sie
542 1349 561 1371 a
584 1341 706 1371 saeculo

342 1386 379 1417 In
402 1386 511 1425 Deum,
537 1386 715 1417 delectatur.

241 1448 271 1470 ·.
296 1440 400 1471 Faber
424 1443 491 1471 arte
514 1441 646 1479 lignaria

343 1486 473 1517 Vivebat
498 1495 565 1517 cum
584 1496 681 1518 uxore

293 1532 466 1570 Aequirens
493 1533 669 1564 necessaria

340 1578 390 1609 Ex
413 1588 557 1609 manuum
577 1579 694 1610 labore.

264 1659 270 1665 .
296 1632 384 1664 Haec
408 1636 455 1664 est
477 1634 558 1673 regis
584 1633 701 1666 familia

341 1679 453 1718 Ioseph
479 1688 546 1710 eum
570 1683 679 1711 sancta
703 1681 831 1719 virgine.

297 1724 349 1755 Sic
374 1725 458 1764 degit
480 1725 512 1755 in
535 1724 668 1756 infantia

342 1771 510 1809 Assumpto
536 1771 675 1802 Christus
699 1772 830 1805 homine.

426 1862 626 1896 Responsoria.

264 1941 272 1948 .
298 1917 321 1949 Ο
346 1918 514 1948 lerusalem
536 1916 629 1958 filiae,

294 1963 386 2002 Ecce,
411 1964 518 2003 regina
542 1964 659 2003 gloriae

343 2010 381 2041 In
404 2010 586 2041 Bethlehem
611 2013 759 2054 ascendit,

297 2055 392 2092 Quam
416 2056 528 2094 Ioseph
554 2056 603 2086 vir
626 2057 792 2089 oboediens

344 2147 481 2178 Deducit
505 2150 536 2178 et
560 2147 709 2182 defendit.

258 2219 264 2225 .
292 2193 352 2232 En,
382 2193 525 2224 comitiva
548 2194 636 2233 regia

343 2239 420 2270 Tam
444 2248 543 2278 parva
571 2243 775 2281 computatur,

298 2285 401 2316 Mater
424 2286 507 2324 regis
530 2286 642 2318 eximia

344 2332 451 2363 Asello
479 2332 670 2371 deportatur.

906 217 935 247 2.
962 213 1075 252 Ioseph
1101 213 1154 244 dat
1176 212 1244 244 Deo
1268 210 1384 251 gratias

962 260 1074 291 Sacras
1098 268 1226 291 servans
1251 257 1396 290 excubias

1005 306 1087 338 Nato
1112 314 1186 345 rege
1208 305 1336 344 Messia,

960 353 1106 385 Minister
1129 351 1166 383 fit
1189 352 1376 391 praecipuus

959 399 1003 431 Et
1031 407 1131 430 comes
1155 398 1346 436 individuus,

1007 445 1069 478 Ubi
1093 445 1198 484 pergit
1220 444 1334 476 Maria.

922 518 929 525 .
960 492 984 524 Ο
1009 491 1204 531 paupertatis
1228 490 1374 529 pretium,

959 538 1027 569 Rex
1052 539 1249 576 exspectatus
1274 536 1411 576 gentium

959 584 1049 615 Fecit
1073 582 1197 614 fabrum
1220 583 1386 622 lignarium

958 631 1038 662 Esse
1060 638 1148 661 suum
1172 629 1343 662 nutritium.

927 710 934 718 .
960 686 1023 717 Hic
1045 693 1150 724 senex,
1172 684 1277 715 David
1301 683 1394 722 filius,

960 731 1196 770 Paranympbus
1223 730 1374 769 egregius,

1006 777 1129 809 Mariae
1152 777 1201 808 vir
1227 776 1353 815 electus,

961 824 1077 856 Christi
1100 822 1181 854 fidus
1205 822 1362 860 nutritius,

959 870 1019 901 Pro
1044 870 1164 901 meritis
1189 868 1352 899 sublimius

1005 917 1041 948 In
1068 915 1163 947 caelis
1188 917 1236 946 est
1258 916 1435 953 provectus.

892 963 927 995 V.
957 962 1046 994 Inter
1069 964 1175 1001 patres
1196 963 1390 999 computatus

1008 1008 1078 1040 Stat
1101 1008 1247 1047 antiquae
1266 1007 1355 1046 legis,

960 1055 998 1086 In
1023 1057 1190 1093 conspeetu
1212 1054 1371 1085 laureatus

1005 1101 1117 1140 Fulget
1141 1100 1252 1131 summi
1275 1099 1367 1138 regis.

1018 1222 1062 1253 In
1088 1222 1119 1253 3.
1144 1220 1368 1251 Nocturno.

1099 1292 1290 1328 Antiphonae.

906 1352 936 1382 1.
963 1350 1093 1382 Sanctus
1118 1358 1215 1381 senex
1239 1358 1307 1380 cum
1332 1349 1455 1389 virgine

1006 1396 1084 1427 Tam
1109 1398 1211 1427 castus
1235 1395 1399 1434 habitavit,

961 1443 1049 1481 Quod
1073 1451 1230 1481 nunquam
1255 1451 1310 1473 suo
1336 1441 1452 1473 famine

1005 1488 1141 1519 Verbum
1164 1491 1256 1527 turpe
1279 1488 1424 1521 metavit.

902 1546 932 1576 2.
958 1544 1096 1575 Thomm
1120 1544 1234 1582 Ioseph
1260 1546 1291 1574 et
1314 1543 1444 1582 virginis

1004 1589 1147 1622 Sanctum
1175 1593 1207 1621 et
1229 1589 1426 1628 impollutum

960 1636 1044 1666 Rore
1067 1644 1141 1666 suae
1166 1635 1341 1667 dulcedinis

1005 1681 1146 1712 Sacravit
1170 1690 1225 1712 rex
1249 1681 1407 1712 virtutum.

902 1741 933 1769 3.
961 1736 1084 1768 Christo
1108 1736 1174 1774 regi
1197 1736 1347 1766 iudicium

1003 1782 1151 1814 Ablatum
1178 1784 1234 1821 est,
1262 1782 1335 1813 dum
1360 1782 1491 1821 exsulat,

958 1829 1025 1860 Iam
1049 1830 1135 1859 tenet
1158 1829 1246 1867 regni
1270 1828 1382 1859 solium

1004 1875 1049 1906 Et
1071 1877 1212 1906 sanetum
1235 1874 1348 1913 Ioseph
1375 1873 1502 1907 infulat.

1094 1957 1297 1992 Responsoria.

905 2014 936 2045 1.
961 2013 1011 2044 Ex
1035 2011 1181 2052 Aegypto
1206 2015 1414 2045 revertentem

962 2059 1180 2097 Nazarethque
1204 2059 1380 2090 venientem

1008 2105 1123 2143 Ioseph
1148 2105 1276 2135 deducit
1300 2108 1475 2150 parvulum,

964 2150 1040 2182 Cum
1063 2150 1245 2190 parentibus
1270 2151 1431 2191 profectus

965 2197 1048 2228 Puer
1071 2196 1135 2228 illis
1160 2199 1208 2228 est
1231 2198 1399 2239 subiectus,

1008 2243 1142 2274 Miretur
1166 2252 1256 2275 omne
1280 2247 1447 2279 saeculum.

893 2290 931 2321 V.
961 2290 1066 2328 Pater,
1091 2292 1191 2320 mater
1215 2291 1416 2330 requirebant

1008 2335 1101 2368 Hunc
1126 2335 1266 2369 dolentes
1290 2339 1406 2380 triduo,
