1650 2542
749 140 1001 174 —202—

528 236 598 269 Ave,
617 241 728 269 gemma
746 233 885 259 claritatis
905 231 941 257 ad
962 232 1054 257 instar
1073 230 1247 263 carbunculi,

527 274 596 305 Ave,
616 279 682 298 rosa
701 269 834 305 paradisi,
855 277 934 295 more
952 268 1082 302 fragrans
1102 268 1233 300 balsami,

530 309 697 340 Kathastna,
717 308 799 341 virgo
819 306 896 338 felix,
917 305 1045 340 gloriosa
1063 306 1173 332 meritis

530 347 704 373 Assistentes
722 344 780 370 tuis
798 343 879 369 festis
898 342 971 369 caeli
989 343 1076 377 iunge
1094 342 1217 377 gaudiis.

238 404 373 431 Dieselbe
393 402 494 435 Quelle
513 401 564 427 hat
581 401 613 426 in
633 398 657 426 1.
677 399 762 433 Vesp.
784 398 834 424 das
853 397 985 433 folgende
1003 398 1242 433 Responsorium:

510 456 544 483 R.
566 455 648 482 Felix
667 455 774 488 regina,
795 454 876 488 virgo
897 453 1020 488 prudens
1039 453 1208 487 Katharina,

567 491 671 526 Sponsi
690 490 820 517 caelestis
839 498 927 516 verax
947 491 1111 525 invictaque
1130 492 1220 523 testis,

566 528 656 555 Nobis
676 527 802 562 indignis
821 527 953 561 precibus
973 535 1106 554 succurre
1125 527 1266 562 benignis,

510 565 544 592 V.
566 565 607 592 Ut
625 566 716 600 pietas
737 564 851 597 Christi,
871 565 952 591 cuius
971 572 1090 598 regnum
1108 565 1247 598 meruisti,

565 602 624 629 Nos
644 610 661 627 a
679 602 804 636 peccatis
823 601 941 628 mundet
958 602 1115 636 iungatque
1134 602 1235 628 beatis.

236 660 280 687 Ad
298 660 393 694 Magn.
414 656 436 685 Α
460 660 500 685 ist
517 657 613 692 haufig
631 657 710 690 Ave,
734 665 848 692 gemma
876 657 1015 684 claritatis
1034 655 1124 691 (siehe
1144 655 1228 691 oben)
1247 665 1279 684 so
1299 657 1324 684 G
1343 656 1416 689 Mm,
1442 654 1510 681 oder

236 698 303 724 aber
321 695 362 730 (so
384 697 414 722 in
433 694 505 729 Hh):

640 741 718 768 Voce
737 740 831 767 cordis
851 742 880 767 et
899 741 956 767 oris

639 778 674 804 In
695 777 809 804 laudem
828 778 931 804 summi
949 777 1136 812 redemptoris

640 814 800 849 Consurgat
819 815 911 841 omnis
930 813 1031 848 fidelis,

643 852 731 878 Cuius
750 851 893 878 mediante
913 853 1009 886 gratia

641 889 752 923 Martyr
772 890 801 915 et
818 890 899 923 virgo
918 888 1080 915 Katharina

640 926 728 952 Facto
750 926 875 952 clamore
893 925 965 952 hora
982 926 1124 951 matutina

640 962 741 989 Exivit
760 963 876 989 obviam
896 962 1009 989 Christo
1030 970 1144 997 sponso,

642 999 699 1032 Qui
718 999 797 1026 sedet
815 1007 900 1034 super
921 998 1074 1026 Cherubim

641 1034 750 1063 Cuncta
768 1036 867 1063 videns
887 1037 919 1062 in
938 1036 1087 1070 absconso,

639 1073 746 1099 Ferens
765 1075 871 1099 sertum
890 1081 974 1099 rosae
993 1075 1022 1100 et
1039 1073 1104 1106 lilii,

641 1109 712 1136 Cum
729 1110 872 1144 triumpho
892 1111 1023 1144 martyrii

640 1146 744 1173 Evasit
761 1147 853 1173 minas
871 1148 1025 1181 tortorum3

643 1183 666 1210 O
686 1183 772 1209 beata
788 1184 880 1218 virgo,
903 1192 954 1210 ora

640 1220 749 1255 Iugiter
766 1228 817 1255 pro
838 1221 963 1247 reatibus

642 1256 808 1291 Supplicum
827 1259 948 1283 tuorum.

238 1304 311 1330 Eine
332 1303 437 1330 andere
457 1303 602 1337 Antiphon
623 1311 688 1328 zum
706 1301 873 1336 Mag-nificat
891 1304 965 1329 setzt
983 1310 1020 1329 an
1040 1301 1129 1329 Stelle
1148 1302 1240 1329 dieser
1260 1302 1308 1329 St:

642 1348 710 1381 Ave,
730 1348 808 1374 sidus
827 1349 1007 1380 matutinum⁷

644 1384 752 1411 Solaris
772 1385 845 1411 lucis
865 1386 999 1419 vicinum,

643 1422 713 1455 Ave,
734 1422 838 1447 summi
856 1423 932 1456 regis
952 1422 1034 1455 cella,

642 1458 734 1484 Mirae
753 1458 891 1485 claritatis
912 1459 1003 1492 stella,

643 1495 712 1529 Ave,
732 1495 950 1530 naufragantum
968 1498 1074 1530 portus,

643 1532 718 1559 Fons
738 1532 876 1566 signatus,
896 1533 1009 1559 clausus
1029 1533 1142 1567 hortus;

643 1569 711 1603 Ave,
731 1571 839 1603 martyr
857 1569 1025 1602 Katharina,

642 1606 697 1632 Pia
715 1607 814 1632 nostra
832 1606 982 1639 medicina,

643 1642 730 1669 Sume
749 1650 846 1677 preces
865 1645 894 1669 te
913 1646 1087 1678 precantum,

644 1680 725 1705 Assis
743 1681 818 1706 votis
838 1680 1057 1715 supplicantum,

640 1716 711 1749 Duc,
732 1717 838 1751 regina,
859 1725 911 1743 nos
931 1717 968 1743 ad
987 1725 1090 1752 regem,

643 1752 728 1787 Rege,
751 1753 816 1779 fove
834 1755 914 1779 tuum
933 1762 1055 1789 gregem,

645 1789 686 1816 Ut
704 1790 845 1824 possimus
865 1792 894 1817 te
913 1792 1030 1818 iuvante

646 1826 826 1862 Conregnare
845 1835 908 1854 cum
927 1830 1072 1862 regnante.

240 1869 289 1896 Ad
308 1870 428 1896 Matut.
449 1871 534 1898 Invit.
556 1870 569 1898 1
595 1872 751 1899 Adoremus
770 1874 915 1908 virginum
934 1882 1028 1910 regem
1049 1874 1075 1902 G
1093 1874 1151 1901 Hh.
1176 1890 1213 1894 —-
1240 1874 1313 1902 Ibid.
1333 1872 1351 1900 2
1380 1875 1436 1908 Qui
1455 1876 1513 1901 vir-

240 1907 301 1941 gini
327 1906 351 1933 G
376 1907 432 1934 Hh.
462 1923 498 1927 —
526 1909 567 1936 In
595 1907 618 1935 1.
642 1910 739 1937 Noct.
769 1909 790 1936 Α
813 1910 835 1944 1,
856 1909 875 1938 4
898 1912 974 1946 regis
999 1914 1060 1938 erat
1078 1911 1146 1938 filia.
1166 1912 1225 1939 Hh.
1250 1928 1286 1931 —
1314 1910 1360 1937 ΑΑ
1381 1910 1398 1937 2
1418 1912 1477 1938 und
1496 1909 1513 1939 3

240 1943 338 1970 lauten
357 1945 387 1970 in
407 1945 430 1971 O
449 1945 499 1972 Hh
518 1946 544 1973 Ii
561 1955 589 1972 u.
610 1954 650 1973 a.:

457 1989 483 2017 2.
503 1992 584 2018 Haec
603 1992 757 2019 DomInum
776 1993 850 2020 caeli
869 1994 1065 2029 contemplans
1085 1998 1178 2021 mente
1197 1995 1275 2021 fideli

502 2029 650 2063 Respuens
672 2038 802 2063 errorem,
822 2030 921 2057 mundi
940 2031 1112 2058 blandientis
1133 2039 1266 2058 amorem.

461 2071 487 2100 3.
502 2075 632 2101 Membra
650 2076 834 2111 redemptoris
854 2076 920 2104 fidei
939 2078 1103 2104 Maxentius
1123 2078 1214 2104 hostis

505 2111 638 2146 Undique
657 2113 802 2146 caedebat,
822 2114 934 2148 gladius
955 2123 1005 2149 per
1026 2117 1129 2141 cuncta
1145 2115 1266 2143 furebat.

241 2156 298 2182 Die
316 2156 527 2183 monastisehen
546 2157 614 2184 Hss.
633 2159 688 2186 wie
700 2159 752 2187 AG
772 2169 800 2186 u.
821 2168 846 2186 a.
865 2160 961 2187 haben
980 2160 997 2187 6
1015 2159 1060 2185 ΑΑ
1080 2161 1205 2187 namlich
1225 2162 1320 2189 ausser
1337 2163 1392 2190 den
1412 2164 1517 2200 obigen

242 2193 316 2219 noch
345 2194 391 2220 die
419 2194 469 2220 der
496 2195 646 2230 folgenden
673 2196 820 2231 Nokturn3
850 2197 943 2224 ferner
969 2196 989 2224 4
1019 2195 1075 2230 ΒΗ,
1104 2198 1155 2224 das
1185 2199 1277 2226 vierte
1304 2201 1453 2235 prosaisch
1482 2202 1516 2234 G,

244 2231 267 2258 O
287 2230 392 2257 Christi
416 2232 508 2265 pietas
533 2234 585 2258 etc.
610 2233 642 2259 A.
669 2247 704 2251 —
729 2234 769 2260 In
792 2232 819 2260 2.
844 2235 941 2262 Noct.
962 2233 984 2260 A
1007 2233 1030 2267 1,
1050 2232 1068 2261 3
1088 2234 1181 2262 Claris
1200 2237 1301 2263 orbata
1321 2238 1378 2264 Hh.
1407 2253 1443 2256 —
1470 2237 1516 2264 ΑΑ

243 2265 260 2293 2
279 2267 338 2294 und
357 2265 374 2294 3
393 2268 424 2293 in
444 2267 467 2294 O
487 2269 536 2295 Hh
555 2269 582 2295 Ii
602 2272 667 2296 etc.:

462 2312 486 2341 2.
507 2316 573 2342 Non
591 2316 693 2343 cedens
714 2319 831 2344 monitis
852 2320 993 2345 mactatur
1011 2318 1130 2345 verbere
1150 2320 1237 2354 mitis,

508 2351 625 2380 Carcere
644 2354 801 2389 damnatur,
821 2363 875 2382 nec
892 2356 973 2390 virgo
994 2356 1036 2382 sic
1054 2359 1212 2390 superatur.
