1650 2542
276 230 421 262 Oratione

323 284 437 308 vacans
462 276 587 307 assidua

279 322 465 353 Christianis

321 367 422 399 forma
445 368 490 399 sie
513 369 687 407 praestrua,

276 414 356 445 Nam
380 414 546 445 nobilitate

322 460 492 498 praecipua

270 505 329 536 His
356 506 538 536 documenta

320 552 374 581 dat
398 549 547 583 caeliflua.

333 652 393 683 Ad
418 651 675 683 Matutinum.

400 724 610 750 Invitatorium.

270 781 387 810 Assunt
412 779 586 810 Felicitatis

318 826 489 865 sollemnia,

272 872 367 910 Virgo
390 874 501 911 mater,

318 917 429 948 iubilet
453 919 593 949 ecclesia.

332 1019 374 1050 In
401 1020 432 1051 1.
454 1019 678 1050 Nocturno.

408 1092 598 1127 Antiphonae.

215 1149 246 1179 1.
273 1147 439 1179 Pontifices
466 1148 607 1179 videntes

314 1194 394 1224 hane
419 1194 575 1226 Christum
600 1203 704 1225 amare

269 1240 343 1270 Mox
369 1243 536 1279 coeperunt
562 1240 688 1272 Caesari

313 1286 400 1317 illam
425 1295 581 1317 accusare.

214 1352 245 1382 2.
272 1349 393 1381 Sentiat
416 1351 476 1381 hoc
499 1351 611 1392 pietas,

316 1397 497 1438 imperator,
524 1400 638 1436 vestra,

271 1443 360 1480 Quod
385 1452 403 1473 a
428 1443 513 1474 cultu
536 1444 695 1475 numinum

314 1492 490 1520 nostrorum
516 1493 562 1520 est
586 1493 757 1529 sequestra,

212 1554 241 1586 3.
269 1553 360 1585 Unde
384 1554 410 1584 si
435 1563 496 1585 non
520 1553 617 1585 fuerit

316 1600 390 1630 deos
414 1600 492 1631 haec
514 1605 653 1640 precata,

269 1646 388 1677 Horum
413 1656 474 1678 non
499 1644 695 1690 [iustissima]

318 1695 365 1722 est
387 1693 436 1723 ira
459 1693 594 1731 placata.

400 1765 601 1799 Responsoria.

214 1820 242 1850 1.
270 1820 385 1851 Caesar
409 1821 530 1862 sedens,

313 1866 346 1896 in
370 1875 424 1898 suo
449 1867 525 1898 solio

268 1912 401 1943 Mandat
423 1913 510 1944 urbis

314 1958 473 1996 praefecto
502 1961 622 2002 Publio,

268 2004 359 2035 Illam
384 2006 527 2044 compelli

314 2050 478 2092 sacrificio,

200 2096 237 2129 V.
267 2096 350 2127 Deos
375 2106 447 2128 suos

315 2143 412 2174 iratos
437 2145 509 2176 odio

269 2189 409 2229 Mitigari

315 2236 421 2267 statim
446 2236 578 2271 nefario,

213 2303 242 2333 2.
267 2301 417 2332 Felicitas

315 2350 420 2380 astans
445 2348 595 2380 tribunali

813 136 857 168 30
904 154 950 159 —

944 229 1017 259 Cum
1044 231 1169 259 caterva

987 282 1043 305 sua
1066 273 1157 305 filiali

940 320 1118 352 Certamine

985 367 1058 397 vicit
1084 367 1275 405 triumphali,

869 413 906 445 V.
937 413 1015 452 Quia
1037 416 1194 444 tormenta

982 459 1096 490 iudicis
1120 460 1195 490 mali

935 505 987 536 Ex
1013 506 1129 536 virtute

983 552 1104 590 spernit
1130 552 1270 584 divinali.

879 617 908 648 3.
935 617 1011 647 Post
1034 617 1112 647 haee
1135 617 1176 647 ad
1201 616 1295 648 fidem

980 665 1080 693 matre
1103 662 1186 693 filios

935 708 1087 739 Armante
1110 709 1206 739 iudex

982 763 1091 786 suasus
1115 755 1234 795 noxios,

934 800 997 832 Sed
1019 803 1055 831 ut
1079 801 1183 831 colant

983 847 1057 878 deos
1082 846 1219 888 fictitios,

866 893 901 925 V.
934 893 1084 924 Tei-rores
1109 894 1201 924 matri

979 942 1072 977 parat
1094 939 1218 978 impios,

933 984 983 1016 Ne
1008 984 1165 1017 confortet

978 1032 1086 1062 taliter
1108 1031 1201 1063 filios.

992 1134 1035 1164 In
1061 1134 1091 1164 2.
1117 1132 1343 1165 Nocturno.

1071 1205 1264 1240 Antiphonae.

878 1264 907 1294 1.
934 1262 1098 1293 Ianuarius
1123 1262 1225 1301 primo

978 1318 1087 1339 suasus
1112 1317 1132 1338 a
1154 1309 1261 1339 indice

931 1354 1048 1386 Christi
1072 1356 1307 1394 protestabatur

975 1400 1069 1432 fidem
1093 1401 1144 1431 hic
1167 1401 1304 1439 publice.

874 1467 904 1497 2.
931 1465 989 1504 Qui
1014 1465 1109 1504 virgis
1133 1474 1205 1496 mox
1231 1466 1382 1506 caeditur,

978 1512 1034 1543 sed
1059 1512 1090 1542 in
1116 1511 1180 1543 fide
1206 1512 1322 1544 Christi

930 1558 1121 1590 Permanens
1145 1558 1312 1589 immobilis

979 1612 1106 1635 carcere
1132 1605 1298 1636 clauditur.

874 1670 904 1700 3.
932 1668 1007 1699 Post
1030 1669 1113 1699 hunc
1137 1671 1240 1699 autem
1264 1669 1344 1700 alius

975 1713 1069 1745 Felix
1092 1718 1322 1753 praesentatur,

930 1760 992 1791 Sed
1017 1760 1120 1792 fidelis
1145 1770 1274 1792 manens
1299 1771 1317 1793 a

978 1806 1100 1838 Christo
1125 1817 1187 1838 non
1212 1811 1357 1840 mutatur.

1066 1881 1269 1916 Responsoria.

875 1936 905 1967 1.
931 1936 967 1968 In
993 1945 1113 1969 summa

977 1984 1133 2021 praesidis
1160 1984 1278 2016 duritia

930 2028 1055 2062 Summa
1077 2028 1113 2060 fit
1133 2031 1251 2062 sanctis

978 2078 1053 2106 tune
1078 2078 1264 2115 constantia,

934 2121 1013 2152 Nam
1038 2122 1121 2152 terni

979 2168 1120 2207 Philippi
1144 2171 1325 2206 praesentia

934 2214 1050 2245 Christi
1073 2213 1196 2245 confor—

980 2263 1047 2291 tata
1071 2261 1182 2300 gratia,

933 2307 1033 2338 Facta
1056 2307 1185 2338 numina

981 2353 1063 2384 dixit
1088 2353 1173 2386 vilia.
