1650 2542
675 110 925 145 —239—

295 202 354 233 Ad
380 202 641 238 Matutinum.

362 275 574 303 Invitatorium.

232 330 283 360 Ad
306 330 486 363 laetandum
508 341 565 364 nos
588 335 702 367 invitat

233 375 389 416 Christus,
418 378 470 417 qui
494 382 625 417 perenni
650 382 730 414 ditat

280 422 402 454 Gaudio
426 424 640 461 Laurentium.

293 544 338 575 In
365 544 395 577 1.
422 545 647 579 Nocturno.

374 627 566 663 Antiphonae.

199 719 204 724 .
233 693 404 731 Imperium
428 703 499 725 mun
504 695 536 726 di

275 738 391 771 Decius
408 742 483 771 tunc
499 743 649 781 temporis
667 751 776 775 arcens

232 786 351 818 Christi
376 786 540 825 discipulis

279 832 392 864 damna
416 833 551 864 minatus
576 837 651 868 erat.

174 893 204 920 ⁴.
232 888 338 920 Sixtus
362 898 446 928 papa
469 898 540 920 suos

279 937 372 967 vocat
395 935 603 976 hortaturque
622 940 760 976 vocatos,

231 981 299 1012 Nec
321 990 417 1021 prece
440 990 500 1012 nec
522 991 638 1021 sponsa

278 1031 380 1060 morte
403 1036 519 1067 negare
542 1027 647 1061 fidem.

197 1108 205 1115 .
231 1083 395 1115 Ecclesiae
421 1092 529 1115 census

278 1138 407 1162 servans
431 1130 619 1162 Laurentius
643 1130 733 1162 huius

229 1175 317 1207 Nutu
342 1176 474 1215 captivis

275 1222 528 1262 pauperibusque
554 1222 652 1254 dedit.

198 1303 204 1310 .
230 1277 408 1310 Humanum
431 1279 539 1309 sitiens

278 1324 361 1364 regis
387 1333 519 1356 censura
543 1333 693 1364 cruorem,

233 1371 437 1403 Christicolas
461 1371 573 1402 statuit

279 1417 416 1457 perdere
439 1417 508 1457 lege
531 1417 614 1448 data.

197 1497 205 1506 .
231 1473 300 1504 Rex
323 1473 453 1504 Romam
484 1472 609 1503 veniens

279 1519 401 1551 Sixtum
427 1518 566 1550 causavit
590 1518 701 1550 adesse

233 1565 483 1604 Schismaticum,
511 1564 637 1604 dignum

279 1615 380 1644 morte
403 1620 551 1651 reumque
573 1612 630 1644 rei.

196 1695 204 1702 .
229 1668 375 1701 Accitum
398 1666 576 1707 fassumque
599 1666 694 1698 fidem

276 1724 336 1746 nec
358 1722 487 1756 munere
511 1722 570 1745 nec
593 1714 624 1745 vi

230 1762 332 1794 Flecti
354 1770 447 1802 posse
470 1761 582 1793 videns

278 1816 351 1839 ense
375 1808 481 1847 perire
504 1807 600 1840 iubet.

366 1901 570 1935 Responsoria.

196 1994 204 2001 .
229 1968 283 2001 Ad
307 1968 457 1999 honorem
482 1967 592 1998 summi
615 1966 697 2006 regis

226 2015 421 2054 Disciplinae
445 2021 554 2046 sacrae
577 2013 656 2053 legis

274 2061 424 2094 Traditus
448 2060 647 2102 Laurentius,

229 2109 311 2142 Sixti
334 2116 437 2148 papae
463 2107 655 2140 documentis

227 2156 404 2194 InstitutuS,
434 2154 499 2187 fide
522 2154 635 2186 mentis

276 2202 399 2236 Clamit
421 2201 568 2242 uberius;

225 2252 289 2284 Per
313 2249 397 2281 hunc
417 2248 513 2281 fidem
534 2247 726 2287 fecundavit,

226 2299 289 2330 Per
312 2296 395 2328 hunc
419 2295 507 2329 fovet
529 2296 653 2328 domum
669 2295 775 2327 David

277 2343 430 2377 Caelestis
453 2343 590 2384 largitio,

831 204 868 236 V.

828 330 872 384 ¹2.

833 813 869 846 V.

845 964 876 995 3.

899 204 952 236 Sic
974 203 1024 235 vir
1046 203 1079 234 in
1102 202 1162 233 hoc
1186 202 1252 233 sale
1275 202 1359 233 vitae

901 249 1082 282 Sanctitatis
1106 249 1266 279 inauditae

947 296 1051 328 Fulsit
1073 295 1247 335 pn'vilegio.

899 352 981 384 Dum
1005 360 1089 390 papa
1110 350 1245 381 trahitur

946 398 1030 429 Data
1048 397 1211 436 sententia,

901 444 1012 476 Levita
1034 444 1172 483 sequitur

947 490 1018 522 Non
1042 493 1105 521 tam
1129 489 1316 530 praesentia,

994 536 1091 575 Quam
1114 536 1226 567 mentis
1248 535 1330 566 acie:

901 584 952 614 An
976 583 1022 614 sic
1047 584 1230 622 degenerem

947 629 1094 662 Probasti
1117 628 1225 667 filium,

901 675 947 708 Ut
968 678 1001 706 te
1024 676 1241 714 relinquerem,

947 722 1029 753 Dum
1054 721 1177 760 quaen's
1201 720 1346 760 gaudium

996 768 1146 800 Perennis
1171 767 1311 806 gloriae.)

900 814 932 846 Si
952 823 1001 845 me
1024 816 1109 845 sorte
1131 813 1201 853 pari

900 860 1004 900 Negas
1027 860 1191 898 immolari,

948 907 1072 938 Laedor
1095 906 1236 937 iniuriae.

902 962 1058 1001 Discipuli
1080 961 1239 1000 neglectus

948 1008 1094 1047 Magistri
1119 1006 1300 1046 dignitatem

994 1054 1099 1085 Mutat
1122 1055 1152 1083 et
1177 1051 1296 1090 minuit,

902 1099 1114 1131 Praesidentis
1138 1100 1304 1138 provectus

951 1146 1089 1178 Subiecti
1112 1145 1299 1184 parvitatem

996 1193 1200 1232 Nequaquam
1221 1190 1349 1232 respuit,

997 1240 1059 1272 Sed
1084 1238 1208 1277 probris
1233 1237 1319 1268 exuit

949 1286 993 1317 Et
1017 1286 1108 1317 docet
1130 1284 1334 1323 probitatem

905 1333 998 1364 Pater
1024 1332 1096 1363 dum
1120 1330 1217 1362 filium

904 1379 1001 1411 Ducit
1023 1378 1064 1410 ad
1089 1376 1271 1416 praemium,

952 1424 1124 1457 Conservat
1147 1424 1307 1455 unitatem.

870 1503 878 1510 .
904 1481 978 1519 Fili,
1001 1489 1041 1511 ne
1064 1482 1210 1518 torquere

949 1527 1054 1559 Patris
1077 1525 1228 1564 absentia,

903 1573 959 1606 Fit
983 1573 1064 1604 enim
1088 1580 1145 1611 spe
1167 1579 1241 1603 vere

949 1620 1065 1652 Salutis
1088 1618 1201 1660 hostia,

903 1666 1059 1699 Affectum
1081 1665 1167 1696 senio

949 1713 1104 1753 Martyrio
1130 1712 1266 1744 dicatum

902 1761 979 1792 Post
1005 1760 1144 1791 triduum
1168 1757 1316 1797 sequen‘s,

903 1807 998 1845 Quem
1023 1806 1146 1846 quaeris

947 1853 1114 1891 Ablatum,

832 1899 870 1931 V.
899 1899 997 1931 Morti
1022 1899 1099 1931 vivit
1122 1898 1224 1929 senior

949 1946 1025 1977 Vita
1046 1946 1109 1976 iam
1134 1944 1246 1983 sopita,

901 1992 1037 2024 Fructus
1061 1994 1166 2023 manet
1189 1990 1308 2030 gratior

949 2039 1075 2071 Iuvenis
1096 2047 1154 2079 pro
1182 2038 1255 2069 vita.

964 2162 1009 2194 In
1036 2163 1067 2195 2.
1094 2161 1316 2192 Nocturno.

1051 2234 1242 2271 Antiphonae.

849 2295 879 2327 1.
905 2294 958 2326 Ad
983 2296 1091 2325 nutum
1116 2291 1197 2331 regis

947 2340 1135 2372 Laurentius
1159 2335 1262 2369 adfuit
1286 2336 1379 2376 ultro,
