1650 2542
232 227 269 258 V.
299 226 422 257 Helena
447 226 518 258 dum
541 227 669 266 patitur,
963 226 1039 258 Mox
1063 235 1121 266 per
1145 228 1210 260 eius
1235 227 1378 259 meritum

349 273 470 304 animae
494 273 611 303 caelum
637 276 801 304 reseratur.
1009 273 1068 304 Est
1092 274 1224 313 adeptus
1249 275 1358 308 visum.

247 329 276 359 2.
304 329 341 359 ln
367 328 443 359 caeli
467 329 585 359 rosario
905 328 936 360 4.
961 328 1077 360 Miram
1101 330 1195 361 fidem
1220 330 1329 361 habuit

345 375 423 406 Poni
448 374 561 406 rubens
588 383 659 406 rosa
1010 374 1053 406 Ut
1076 385 1206 415 granum
1231 377 1359 418 sinapis,

300 419 418 451 Meruit
441 420 589 459 martyrio
962 421 1049 459 Quod
1073 422 1188 460 probat
1213 425 1244 453 et
1266 423 1370 453 innuit

346 466 470 505 Martyr
493 466 637 507 gloriosa,
1005 467 1154 499 Elevatus
1179 468 1270 507 lapis,

299 510 390 542 GUiUS
415 511 596 542 ῘΠῖθΓΟθΕΕῘΟ
906 524 935 553 5.
962 521 1088 554 Olaudis
1113 532 1251 563 gressum
1278 524 1391 555 tribuit

342 557 437 594 Quam
461 557 504 587 Sit
527 557 674 608 virt-1103&
1004 568 1047 599 Et
1071 570 1174 600 surdis
1196 570 1350 610 auditum,

229 602 265 635 V·
294 602 364 633 HOC
385 605 474 642 Datss'C
496 603 622 635 indifflo·
963 613 1070 645 Caecis
1094 616 1198 647 lumen
1223 616 1370 655 praebuit

344 648 426 686 quod
444 652 532 680 curat
546 648 684 679 membra
700 649 832 687 leprosa.
1005 660 1127 693 Devooe
1149 663 1292 700 petitum·

242 704 273 735 3.
297 703 392 742 Audi,
419 704 552 734 clemens
578 704 710 746 domina,
1242 745 1248 750 .

344 750 457 780 Preces
479 752 551 780 tuae
574 750 684 788 gentis,
1075 743 1123 769 Ad
1142 744 1323 772 Benedictus.

299 794 445 826 Gaudens
468 796 551 826 inter
574 796 696 834 agmina
891 801 931 831 A.
960 799 984 831 O
1012 799 1104 830 beata
1130 801 1262 842 domina,

346 840 456 872 Curiae
481 842 655 881 gaudentis,
1003 845 1106 885 Digne
1129 847 1305 889 sublimata,

294 886 343 918 Sis
370 890 452 918 inter
477 888 654 918 discrimina
959 892 1044 922 Audi
1068 893 1121 931 pie
1147 894 1284 924 carmina

344 933 435 964 Vitae
460 934 522 964 dux
546 935 728 973 praesentis,
1006 938 1079 969 Tibi
1102 939 1276 978 decantata,

228 979 263 1009 V.
295 979 378 1017 Quae
403 978 506 1010 fueras
530 980 623 1011 solita
961 984 1029 1014 Tua
1052 993 1109 1023 per
1133 987 1314 1023 precamina

341 1025 471 1063 gemitus
496 1026 635 1057 relevare
662 1026 803 1057 dolentis.
1006 1030 1135 1061 Diluens
1158 1035 1288 1070 peccata

960 1075 1030 1106 Duc
1057 1077 1097 1108 ad
1124 1078 1201 1108 caeli
1225 1078 1335 1109 limina

385 1118 429 1148 In
454 1116 675 1149 Laudibus.
1005 1122 1070 1153 Nos
1097 1124 1282 1155 desiderata.

435 1180 625 1215 Antiphonae.

240 1238 269 1268 1.
295 1237 347 1268 Ad
372 1245 483 1268 novum
507 1238 704 1276 praeconium
1028 1225 1072 1255 1¹¹
1099 1226 1130 1256 2·
1156 1226 1368 1264 vesperm-

340 1282 491 1322 Martyris
516 1283 652 1322 adcedst,
1068 1297 1113 1323 Ad
1131 1297 1308 1333 Magnifieat.

296 1329 384 1366 Quod
411 1329 457 1360 vir
482 1329 606 1360 vibrans
630 1330 767 1370 gladium

344 1374 435 1405 Ferit
458 1377 487 1405 et
512 1383 573 1406 non
597 1376 704 1409 laedit.

265 1453 272 1460 .
297 1430 381 1460 Mira
405 1430 459 1460 lux
484 1430 608 1461 emicuit

344 1476 478 1507 Caelitus
501 1477 534 1506 in
560 1477 660 1518 dumo,

296 1521 478 1558 Ostendens,
502 1531 561 1560 quo
584 1523 681 1554 iacuit
955 1537 1004 1568 De
1026 1539 1110 1569 vane
1133 1540 1279 1572 miseriae

341 1567 464 1607 Digitus
492 1569 526 1599 in
550 1568 652 1603 humo·
1003 1584 1067 1615 Nos
1094 1585 1154 1616 duc
1177 1587 1218 1617 ad
1243 1596 1388 1626 superna,

238 1623 269 1654 3.
297 1622 412 1654 Caecus
436 1626 564 1662 tangens
591 1625 718 1663 digitum
957 1630 1001 1661 Ut
1025 1633 1125 1662 tecum
1148 1632 1180 1662 in
1204 1634 1311 1672 requie

342 1669 492 1707 Martyris
513 1670 666 1701 abscisum
1007 1677 1153 1708 Vivamus
1178 1682 1313 1711 aeterna.

301 1733 383 1758 Brev.
404 1731 542 1759 Scarense
567 1734 633 1768 imp.
657 1735 862 1772 Norimbergae
891 1736 969 1765 149b.
990 1754 1002 1758 —
1020 1754 1027 1758 -
1045 1740 1080 1766 In
1102 1739 1126 1767 1.
1145 1741 1232 1777 Vesp.
1252 1742 1391 1777 hymnus:
1419 1746 1502 1773 Felix

227 1776 330 1803 parens
358 1769 520 1803 Westgotia
547 1769 722 1806 (Klemming
747 1773 774 1807 1,
803 1772 878 1808 116);
902 1775 934 1801 in
956 1775 1062 1803 Laud:
1090 1778 1180 1805 Adest
1203 1781 1365 1815 triumphus
1391 1783 1499 1810 nobilis

225 1806 303 1839 (ibid.
326 1803 395 1838 122).
433 1806 581 1833 Verfasser
600 1807 649 1834 des
670 1808 815 1836 officiums
839 1812 879 1838 ist
896 1812 1135 1849 Brynolphus
1155 1815 1182 1849 1,
1204 1817 1324 1844 Bisehof
1339 1828 1398 1846 von
1412 1820 1501 1848 Scara

225 1840 454 1877 (1278—1317);
485 1843 542 1879 vgl.
567 1844 731 1881 Klemming
755 1847 774 1873 1.
803 1856 842 1881 0.;
874 1849 947 1875 Acta
971 1849 1022 1876 ὃὸ.
1048 1852 1115 1879 Feb.
1142 1853 1170 1886 I,
1198 1852 1269 1888 9353
1298 1856 1381 1883 Anal.
1402 1857 1498 1892 hymn.

225 1879 315 1912 XXV,
339 1877 399 1913 184,
422 1887 464 1906 wo
485 1888 515 1907 es
535 1882 572 1907 im
593 1881 724 1909 Officium
744 1884 792 1911 des
812 1885 852 1911 hl.
871 1886 1045 1922 Brinolphus
1065 1889 1165 1916 heisst:

631 1928 772 1957 Helenam
792 1935 920 1959 sanctam
938 1934 1063 1968 viduam,

669 1967 760 2000 Quam
782 1970 896 2003 praesul
915 1972 1069 2005 invocavit,

631 2003 835 2032 Historiam
855 2015 906 2042 per
925 2016 1080 2043 congruam

668 2041 808 2069 Decentei·
826 2043 986 2072 honoravit.

890 1353 929 1385 A.
959 1352 1046 1392 Vale,
1071 1352 1128 1384 flos
1153 1354 1355 1395 Westgotiae‚

1006 1400 1131 1431 Patriae
1155 1400 1294 1441 lucerna,

958 1443 994 1475 ln
1021 1446 1071 1476 via
1092 1446 1232 1478 iustitiae

1004 1493 1121 1523 Devios
1147 1493 1295 1535 guberna,

242 1432 261 1461 [v

661 2129 705 2160 32.
737 2131 778 2162 De
799 2135 903 2164 sancto
925 2135 1062 2167 Henrico.

363 2195 408 2225 In
434 2196 463 2227 1.
492 2196 699 2237 vesperis.
1004 2204 1110 2236 Laetis
1135 2208 1287 2240 extollens
1313 2213 1451 2256 canticis,

433 2250 622 2286 Antiphouae.
958 2250 1016 2288 Qui
1038 2251 1167 2284 intravit
1193 2255 1223 2285 in
1250 2257 1395 2295 gaudium

239 2297 270 2329 1.
298 2296 415 2336 Gaude,
443 2303 546 2330 coetus
570 2299 719 2341 fidelium,
959 2298 1019 2328 Pel*
1042 2298 1164 2338 insigne
1187 2304 1372 2342 martyrium

296 2344 424 2374 Henrici
449 2346 621 2377 natantium
1005 2342 1113 2376 Choris
1137 2346 1272 2380 insertus
1298 2352 1431 2385 caelicis.
