1650 2542
672 110 923 145 -227—

225 207 324 238 Immo
347 215 406 245 per
431 206 588 238 Christum

272 253 482 292 consignatam

226 298 294 337 lpsi
318 298 443 330 Christo

273 347 303 375 et
328 345 417 376 vobis
440 345 564 384 resigno

225 391 387 430 Virginem
409 391 652 423 immaculatam.

336 454 382 481 Ad
407 454 589 482 Benedictus.

156 502 196 534 A.
225 501 263 532 In
287 502 454 533 sanctitate

273 552 305 579 et,
328 548 450 579 iustitia

226 595 465 626 contemnentes

272 641 382 672 mundi
405 641 482 673 vitia

226 687 404 719 serviamus

273 734 342 773 tibi,
368 733 510 775 Domine,

228 780 304 812 Cum
328 780 421 812 beata

273 826 471 866 Kunegunde
493 825 623 865 virgine.

297 900 339 932 In
365 902 396 933 2.
422 899 632 938 Vesperis.

158 956 198 990 R.
229 956 325 996 Deus,
350 958 441 995 pater
464 953 706 992 misericordiae,

276 1002 361 1034 Fons
385 1002 480 1033 totius
504 1001 633 1041 gratiae,

895 206 956 237 Per
980 201 1090 234 merita

944 247 1148 288 Kunegundis
1174 247 1303 287 virginis

897 297 962 329 Nos
986 296 1073 327 solve

942 352 961 374 a
983 350 1065 373 nexu
1090 340 1236 378 criminis,

858 415 866 423 .
896 390 941 422 Ut
964 388 1002 420 ab
1028 387 1163 418 aeternis
1186 385 1310 426 ignibus

899 436 1083 467 Liberemur
1108 436 1139 464 et
1164 431 1372 464 daemonibus.

1017 553 1062 580 Ad
1079 551 1254 588 Magnificat.

860 653 867 660 .
897 629 922 661 O
947 628 1039 659 beata
1062 626 1277 666 Kunegundis,

898 675 1051 707 Vitiorum
1077 674 1109 704 in
1133 671 1297 712 profundis

899 721 964 752 Nos
989 720 1163 752 submersos
1191 719 1283 758 erige,

899 768 962 799 Pro
986 767 1075 798 nobis
1100 774 1210 805 preces
1234 764 1368 804 porrige,

899 814 944 846 Ut
966 816 1019 844 tuo
1044 812 1159 844 auxilio

899 860 949 891 De
972 859 1080 890 mundi
1105 858 1213 889 exsilio

900 906 1059 937 Translati
1082 905 1251 936 liberemur

900 952 944 983 Et
967 960 1034 982 cum
1060 951 1184 983 Christo
1209 950 1385 989 gloriemur.

233 1085 317 1111 Brev.
341 1091 392 1110 ms.
418 1083 447 1111 S.
467 1083 597 1110 Floriani
623 1089 697 1108 saec.
720 1078 764 1107 15.
803 1079 871 1107 Cod.
893 1079 921 1107 S.
942 1079 1072 1106 Floriani
1090 1078 1134 1105 XI
1152 1075 1216 1104 429.
1235 1077 1270 1103 A.
1296 1091 1332 1095 —
1357 1077 1441 1103 Br‹v.

159 1129 210 1148 ms.
231 1121 260 1148 S.
280 1121 412 1148 Floriani
440 1128 514 1147 saec.
537 1117 579 1146 15.
619 1118 688 1145 Cod.
708 1118 736 1145 S.
757 1117 886 1144 Floriani
911 1116 955 1144 XI
973 1113 1032 1142 478,
1058 1115 1091 1142 B.
1120 1129 1155 1133 ff
1182 1115 1264 1141 Brev.
1285 1123 1312 1140 m
1332 1136 1335 1139 .
1356 1114 1442 1140 Pata-

156 1159 257 1185 viense
284 1155 319 1193 (?)
343 1165 417 1184 saec.
440 1155 484 1183 14.
524 1156 591 1182 Cod.
612 1155 705 1182 Palat.
725 1154 924 1181 Vindobonen.
952 1150 1014 1179 189.
1035 1152 1065 1179 (J.
1092 1168 1129 1171 —
1155 1152 1239 1179 Brev.
1265 1160 1317 1178 ms.
1336 1151 1442 1178 Ebors-

157 1196 296 1230 bergense
315 1202 390 1221 saec.
413 1192 456 1220 15.
489 1193 560 1220 C‘lm.
574 1193 724 1219 Monacen.
743 1189 825 1218 5972.
846 1191 876 1218 O.
896 1205 934 1209 —
953 1190 1036 1217 Brev.
1057 1198 1100 1216 ms
1123 1189 1296 1216 Pataviense
1308 1196 1381 1215 saec.
1399 1186 1432 1215 15

158 1232 226 1259 Cod.
248 1231 480 1266 Doneschingen.
498 1227 561 1257 315.
583 1229 617 1255 E.
638 1244 674 1247 —
693 1229 776 1255 Brev.
790 1228 1003 1263 Herbipolense
1023 1228 1091 1262 imp.
1105 1227 1236 1254 Venetiis
1253 1224 1333 1252 1507.
1353 1225 1385 1252 F.
1407 1239 1441 1243 —

155 1270 196 1296 In
223 1267 248 1296 1.
268 1269 375 1303 Vesp.
397 1266 426 1300 R,
447 1267 464 1294 7
491 1267 564 1294 fehlt
581 1266 615 1293 A.
642 1280 678 1284 —
708 1265 752 1291 Ad
771 1264 868 1300 Magn.
890 1263 920 1298 A,
941 1262 959 1289 2
977 1264 1012 1290 1n
1032 1264 1118 1291 beata
1135 1263 1310 1298 Kunigunde
1328 1262 1387 1289 ΑΒ.
1406 1276 1443 1280 -

155 1307 198 1333 In
220 1305 244 1333 1.
265 1306 364 1333 Noct.
395 1303 414 1330 R
441 1303 468 1337 2,
487 1303 507 1331 4
533 1304 640 1330 habere
665 1302 760 1329 voluit
783 1301 823 1336 A;
848 1301 922 1328 fehlt
945 1301 976 1327 G.
1005 1317 1040 1320 —-
1069 1299 1089 1326 R
1115 1298 1140 1333 3,
1165 1298 1180 1327 1
1202 1301 1245 1326 est.
1265 1308 1331 1335 ergo
1352 1299 1385 1325 A.
1406 1313 1442 1318 -—

157 1341 177 1369 R
206 1341 232 1377 3,
253 1341 271 1369 2
296 1344 407 1378 peceati
430 1342 502 1369 fehlt
521 1341 554 1368 A.
578 1354 616 1359 —
640 1341 683 1367 In
707 1337 734 1365 2.
758 1339 857 1365 Noet.
878 1337 900 1364 A
923 1336 946 1371 1,
967 1335 985 1363 2
1011 1338 1119 1365 dextris
1138 1338 1194 1364 Dei
1214 1337 1245 1363 B.
1274 1350 1309 1355 —-
1336 1335 1357 1361 A
1379 1334 1404 1362 2„
1425 1337 1428 1346 ⁴

156 1380 317 1407 Adiuvabit
335 1379 368 1406 A.
394 1394 430 1398 —
460 1377 479 1404 R
501 1376 527 1411 3,
547 1376 565 1405 3
584 1378 674 1413 positi
693 1378 729 1403 A.
759 1390 795 1394 —-
816 1373 836 1401 R
857 1373 883 1409 2,
904 1373 921 1402 9
939 1375 981 1402 Et
998 1377 1100 1401 testem
1119 1375 1223 1401 invoco
1243 1371 1326 1400 ABG.
1356 1388 1383 1392 —
1404 1373 1443 1399 In

155 1418 267 1445 Laud.
289 1416 310 1443 A
343 1415 367 1450 1,
386 1414 404 1444 3
429 1417 500 1444 Cum
524 1414 713 1450 Kunegundis
732 1414 766 1440 B.
794 1428 830 1432 —-
856 1411 878 1438 A
898 1410 924 1445 4,
947 1410 961 1438 1
987 1412 1114 1439 Tandem
1138 1420 1189 1439 rex
1216 1411 1268 1438 sub
1289 1410 1345 1437 fine
1364 1411 1440 1437 vitae

155 1463 227 1482 suae
245 1454 279 1481 A.
298 1469 335 1473 —
358 1455 495 1489 Hymnen
515 1453 551 1480 de
571 1451 729 1479 Communi.

595 1580 640 1610 78.
660 1579 713 1617 ,De
733 1578 838 1609 sancto
859 1576 1012 1608 Ladislao.

292 1662 337 1693 In
367 1661 395 1693 1.
421 1659 634 1699 Vesperis.

339 1735 432 1770 Super
450 1733 590 1761 Psalmos.

154 1793 195 1826 A.
224 1792 311 1823 Fons
335 1793 482 1822 aeternae
505 1790 641 1831 pietatis,

225 1839 295 1870 Lux
321 1846 476 1877 supernae
502 1836 652 1875 veritatis,

224 1884 307 1927 Tibi,
334 1884 468 1923 Christe,
496 1883 710 1922 complacente

224 1931 375 1964 Ladislao
401 1940 458 1963 nos
482 1932 590 1962 tuente

224 1979 291 2011 Fac
316 1980 476 2010 consortes
501 1979 700 2009 aeternorum

223 2026 270 2058 Te
293 2025 459 2058 laudantes
484 2024 677 2064 gaudiorum.

342 2099 388 2126 Ad
407 2097 584 2134 Mag-nificat.

153 2159 193 2191 A.
228 2154 396 2188 confessor
419 2155 558 2194 Domini,
586 2153 745 2191 Ladislae,

224 2204 389 2235 Astantem
412 2202 537 2242 plebem
563 2199 732 2232 corrobora

225 2249 342 2282 Sancta
362 2250 416 2281 tua
440 2248 676 2289 intercessione,

225 2296 279 2336 Ut,
306 2295 360 2335 qui
383 2298 583 2334 peccatorum

271 2341 413 2382 pondere
435 2341 616 2382 premimur,

900 1655 1110 1687 Beatitudinis
1134 1657 1207 1685 tuae

946 1702 1047 1741 gratia
1070 1701 1269 1733 sublevemur

897 1749 941 1780 Et
964 1750 996 1779 te
1020 1748 1099 1779 duce
1123 1750 1251 1779 aeterna

945 1795 1059 1836 gaudia
1083 1803 1317 1834 consequamur.

962 1935 1022 1966 Ad
1045 1934 1308 1967 Matutinum.

1032 2036 1244 2064 Invitatorium.

900 2102 1119 2136 Confessorum

946 2158 1051 2190 regem
1077 2150 1253 2189 adoremuS‚

901 2197 960 2236 Qui
985 2196 1127 2228 caelestis
1152 2196 1240 2236 regni

945 2244 1090 2274 meritum
1118 2246 1150 2274 et
1174 2243 1306 2283 gloriam

902 2290 1064 2323 Concessit
1088 2292 1195 2322 sancto

946 2346 1002 2369 suo
1027 2336 1187 2371 LadislaO.

1221 2388 1277 2417 15*
