1650 2542
714 142 966 177 —263—

330 230 346 261 I
356 240 377 261 n
403 232 433 262 2.
458 231 489 262 N
498 241 516 263 o
527 235 593 264 ctu
602 243 645 265 rn
655 243 683 266 o.
871 238 907 269 V.
938 239 1122 271 scribantur
1136 240 1214 270 haec
1228 240 1368 280 Ludgeri
1385 250 1481 280 opera

939 285 975 316 In
999 286 1198 325 generatione
1221 287 1329 327 altera,

410 322 602 358 Antiphonae.
938 331 983 363 Ut
1007 332 1152 363 laudetur
1175 332 1259 363 Deus
1288 333 1320 364 in
1345 335 1479 367 saecula.

210 397 239 427 1.
270 397 336 427 Viri
360 396 420 428 Dei
447 398 518 429 dum
544 409 639 440 super
658 402 707 433 his

264 442 382 474 Divina
405 444 552 476 laudaret
575 448 740 489 magnalia,

266 487 360 519 Scuto
385 489 487 521 bonae
511 493 681 524 voluntatis

262 535 292 565 A
309 534 377 566 Deo
402 540 567 569 coronatus
590 542 637 570 est
652 540 685 570 in
701 540 810 579 gloria.

232 614 240 620 .
267 591 291 622 O
317 592 504 624 admirabile
530 594 703 626 divinitatis

265 637 385 669 Nomen
411 643 443 669 et
466 640 659 678 miraculum,

265 683 324 721 Qui
339 685 423 716 inter
442 694 547 717 omnes
562 695 651 718 casus
665 687 812 719 arborum

262 730 367 762 Unam
377 732 405 762 ei
413 732 531 763 dimisit
539 733 580 764 ad
588 734 811 766 umbraculum.

228 811 234 816 .
262 785 355 817 Unde
376 787 408 817 in
431 788 565 820 Domino
591 788 749 821 confidens

261 832 306 863 Et
331 841 399 864 eum
424 833 612 866 benedicens

263 879 347 919 Opus
373 880 524 911 ecclesiae
545 881 715 922 inchoavit,

263 925 352 963 Quod
376 926 439 956 iam
463 927 538 957 olim
563 928 763 961 desideravit.

398 1027 603 1063 Responsoria.

227 1128 234 1134 .
259 1101 343 1132 Dum
368 1102 496 1133 lucerna

311 1147 429 1179 Christi
453 1148 617 1188 Ludgerus

258 1193 295 1225 In
322 1195 511 1226 candelabro

303 1240 495 1271 exaltaretur

304 1286 514 1325 pontificatus,

259 1332 304 1364 Ut
326 1333 359 1363 in
383 1333 625 1366 Monasteriensi
650 1337 783 1368 ecclesia

257 1379 379 1410 Lumen
403 1382 581 1418 praestaret
604 1382 757 1421 omnibus,

257 1425 417 1456 Honorem
439 1427 528 1457 illum

304 1473 443 1511 suscepit
466 1472 592 1505 invitus.

219 1542 225 1548 .
257 1518 407 1556 Quoniam
431 1520 584 1558 prodesse
608 1529 731 1560 semper

258 1564 356 1603 Quam
379 1574 527 1604 praeesse
550 1567 661 1598 maluit

257 1611 411 1643 Sublimia
439 1611 572 1653 fugiens,

253 1657 394 1689 Humilia
418 1660 557 1699 cupienS.

221 1738 228 1745 .
252 1714 430 1745 Abscondit
453 1715 610 1754 hispidum

256 1760 319 1792 Sub
343 1761 475 1792 honesta
498 1764 585 1793 veste
609 1763 742 1794 cilicium

257 1807 389 1839 Carnem
413 1816 586 1851 macerans,

256 1853 408 1893 Spiritum
433 1854 594 1896 roborans,

256 1900 374 1933 Christi
394 1901 545 1940 templum
563 1904 592 1932 et
610 1902 689 1933 odor
702 1903 800 1935 bonus

252 1947 371 1980 Factus
393 1949 442 1978 est
464 1947 498 1978 in
523 1948 665 1986 saeculis,

213 2020 220 2026 .
250 1994 409 2026 Iucundus
435 1994 520 2033 apud
543 1995 694 2034 homineS‚

251 2041 393 2073 Devotus
417 2041 485 2072 Deo
509 2049 568 2080 per
594 2042 760 2074 immensos

250 2088 295 2120 Et
318 2088 520 2119 absconditos
542 2088 676 2122 labores.

220 2172 226 2177 .
250 2144 358 2176 Virtus
382 2143 522 2184 Ludgeri

298 2190 416 2221 morbis
442 2193 589 2222 consueta
612 2192 742 2232 mederi,

251 2238 412 2269 Daemone
433 2238 564 2279 vexatis,

299 2284 418 2315 claudis
435 2288 476 2315 'et
498 2288 599 2316 morte
623 2286 771 2325 gravatis,

250 2330 362 2362 Surdis
387 2333 419 2361 et
443 2332 536 2362 mutis

299 2378 456 2408 concessit
480 2378 562 2411 dona
586 2379 713 2418 salutis3

997 469 1040 500 In
1068 472 1098 502 3.
1122 470 1345 504 Nocturno.

1078 552 1269 587 Anfiphonae.

906 644 912 650 .
937 617 1070 648 Domum
1094 618 1226 649 Domino
1250 620 1299 651 vir
1323 621 1432 652 beatus

936 663 973 694 In
997 664 1090 694 terris
1115 665 1235 695 studuit
1258 666 1434 708 aedificare,

937 709 982 741 Ut
1003 710 1036 740 in
1059 713 1165 741 monte
1188 716 1295 743 sancto
1320 715 1385 744 eius

937 755 1129 787 Constitutus

983 805 1155 832 mereretur
1178 803 1330 835 habitare.

901 882 908 888 .
935 856 1035 895 Super
1059 858 1196 889 salutare
1216 858 1278 890 Dei

935 903 1141 935 Vehementer
1164 905 1342 946 exsultavit,

932 949 1015 980 Dum
1039 950 1125 988 genti
1149 950 1322 983 Saxonicae

933 995 1071 1026 Verbum
1097 996 1179 1026 vitae
1202 998 1397 1035 praedicavit

976 1041 1202 1074 Indesinenter.

898 1122 905 1129 .
930 1096 993 1127 Hic
1016 1096 1149 1135 accipiet

979 1142 1229 1174 benedictionem
1253 1154 1271 1175 a
1294 1144 1438 1184 Domino⁷

932 1189 992 1227 Qui
1014 1187 1244 1221 infirmantibus

978 1235 1113 1266 sanitate

931 1281 1147 1320 Indigentibus

977 1328 1132 1358 succurrit
1151 1329 1305 1367 largitate.

1072 1420 1275 1454 Responsoria„

897 1511 904 1518 .
931 1484 1008 1516 Cum
1037 1485 1086 1516 vir
1110 1488 1245 1524 sanctus,

976 1532 1128 1564 virtutum
1151 1533 1254 1571 gratia

932 1578 1058 1617 Plenus,
1085 1586 1123 1610 ex
1148 1578 1208 1610 hac

975 1625 1046 1655 luce
1069 1625 1225 1665 migravit,

930 1671 1088 1710 Splendor
1110 1672 1191 1711 ignis

977 1717 1016 1748 de
1039 1718 1125 1749 caelo
1150 1719 1278 1750 veniens

927 1764 1039 1795 Totam
1062 1764 1236 1797 illustravit

972 1811 1184 1850 provinciam

887 1882 895 1890 .
924 1857 961 1888 In
986 1857 1084 1888 oculis
1108 1858 1221 1890 Karoli

974 1906 1005 1934 et
1027 1904 1123 1936 totius
1146 1907 1251 1936 terrae

925 1950 1047 1982 Lumen
1071 1952 1219 1990 apparuit

971 1996 1040 2028 visu
1063 1997 1217 2041 mirabile,

893 2077 901 2085 .
927 2053 951 2085 Ο
971 2056 1064 2092 pater
1087 2053 1178 2096 alme,
1203 2054 1259 2094 tui,

972 2100 1129 2140 Ludgere,
1148 2109 1259 2140 preces
1272 2102 1376 2142 gregis
1389 2103 1473 2145 audi,

927 2146 1006 2178 Esto
1031 2147 1092 2178 tuis
1116 2150 1237 2188 portus,

972 2193 1026 2224 ubi
1050 2194 1129 2225 lucis
1153 2195 1304 2234 panditur
1327 2198 1425 2235 ortus,

926 2239 976 2271 Ne
999 2249 1056 2272 nos
1081 2249 1150 2271 cum
1172 2242 1289 2273 mundo

974 2287 1078 2327 pelagi
1089 2288 1196 2319 trahat
1204 2288 1290 2319 unda
1297 2287 1454 2326 profundo
1465 2300 1472 2328 ;

888 2359 894 2365 .
926 2333 1010 2374 Quia
1034 2335 1124 2373 apud
1145 2335 1328 2366 Dominum
1349 2335 1472 2366 miseri-

928 2381 1038 2413 cordia
1051 2384 1095 2413 est
1108 2384 1135 2413 et
1148 2382 1277 2422 copiosa
1288 2381 1471 2422 redemptio.
