1650 2542
764 137 1015 171 —106—

324 229 445 260 Idcirco
470 229 655 260 unanimiter

370 275 510 306 Oderunt
531 284 600 306 eum
624 274 787 307 ferventes.

268 331 300 362 2.
326 329 448 361 Norunt
472 330 681 361 castimoniam

368 376 492 407 Patrem
518 376 694 415 diligentem

319 422 422 460 Atque
444 422 649 453 innocentiam

369 468 501 499 Prorsus
525 467 719 499 retinentem.

266 542 296 572 3.
322 539 464 570 Mulieris
490 540 705 571 vestimentum

370 585 464 616 Mane
488 594 615 624 surgens
640 587 742 618 induit

322 631 483 663 Visitando
508 632 702 671 matutinum,

367 677 461 708 Suum
486 676 554 708 fore
579 679 733 719 credidit;

320 723 403 754 Illud
426 724 459 754 in
483 724 683 762 opprobrium

365 770 488 800 Aemuli
511 768 661 810 fecerunt,

321 815 413 847 Suum
438 816 525 846 iuxta
549 816 695 848 lectulum

368 862 454 900 Quod
477 862 564 901 prius
590 865 777 895 straverunt.

455 944 657 979 Responsoria.

264 1001 294 1030 1.
320 999 499 1038 Ieronymus
523 1000 710 1032 anachoreta

320 1045 374 1075 Bis
400 1045 517 1076 duobus
542 1047 630 1077 annis
658 1049 764 1085 spreta

366 1090 486 1122 Saeculi
510 1092 631 1123 laetitia

319 1136 437 1168 Mansit
459 1138 603 1178 plorans,
629 1141 773 1177 maestus,
803 1148 855 1178 ge-

689 1194 785 1225 mens,

321 1228 514 1270 Sitibundus,
541 1228 623 1261 fame
648 1231 783 1272 dernenS,

363 1275 553 1306 Paenitendo
578 1276 664 1316 vitia,

250 1320 287 1350 V.
318 1320 431 1359 Regem
459 1329 563 1360 regum
587 1330 767 1361 generosum

320 1366 367 1398 Ut
388 1366 516 1397 haberet
540 1369 717 1408 gratiosum,

317 1411 408 1442 Hanc
432 1413 524 1451 elegit
546 1414 606 1444 sibi
631 1415 734 1455 vitam,

320 1457 392 1489 Cum
419 1467 452 1489 se
476 1457 551 1489 fecit
574 1461 742 1492 eremitam.

258 1532 289 1561 2.
314 1530 402 1570 Algu:
430 1532 538 1571 ingens
555 1534 637 1564 hunc
651 1537 849 1578 consumpsit,

315 1576 394 1607 Solis
419 1576 523 1610 fervor
548 1582 579 1610 et
604 1580 771 1612 combussit

363 1624 480 1655 Pellem
506 1626 570 1656 eius
594 1626 725 1666 niveam,

315 1668 449 1708 Tempus
474 1673 566 1710 atque
589 1673 757 1711 spatiosum

315 1714 443 1753 Saepius
468 1719 716 1757 tempestuosum,

357 1760 448 1791 Fecit
469 1763 705 1804 Aethiopicam3

244 1806 282 1838 V.
312 1806 413 1837 Tanta
424 1816 606 1847 quamquam
619 1811 660 1840 sit
672 1819 848 1851 perpessus,

315 1852 464 1884 Patiendo
488 1863 550 1885 non
575 1859 622 1887 est
645 1855 755 1897 fessus,

313 1897 375 1930 Sed
399 1908 433 1930 se
456 1903 569 1939 putans
595 1902 715 1934 deliciis

312 1944 466 1976 Interesse
490 1947 627 1981 laetitiis.

259 2018 289 2049 3.
315 2016 487 2049 Solitudine
510 2021 621 2051 relicta

313 2063 478 2095 Festinans
498 2065 726 2100 Bethlehemita

360 2109 490 2142 Sanctus
513 2111 551 2142 fit
573 2113 762 2155 Ieronymus,

310 2154 370 2196 En,
398 2159 433 2187 ut
455 2157 695 2198 hagiographiae

311 2201 408 2232 Foret
430 2203 585 2243 interpres
610 2207 746 2250 sophiae,

357 2247 448 2279 Hunc
468 2250 561 2290 elegit
584 2251 743 2296 DominuS,

242 2293 279 2326 V.
307 2293 406 2325 Nobis
430 2295 517 2335 large
538 2299 724 2340 propinavit,

310 2341 503 2373 Adulescens
528 2345 609 2382 quod
633 2348 777 2385 gustavit.

924 1179 954 1211 1.

1046 230 1092 262 In
1118 232 1147 263 3.
1174 230 1399 262 Nocturno.

1125 304 1317 339 Antiphonae.

953 376 959 382 .
984 349 1048 380 Leo
1074 350 1201 382 claudus
1225 351 1392 382 insudante

985 396 1145 436 Lectione,
1171 398 1402 437 contemplante

1033 441 1146 475 Sancto
1170 444 1238 476 viro
1264 443 1463 482 subintravit,

984 487 1174 520 Tremefacti
1196 489 1310 521 fratres
1334 491 1474 528 surgunt,

985 535 1185 566 Velocissime
1210 537 1399 575 discurrunt,

1028 581 1082 612 Illi
1106 582 1189 613 solus
1214 583 1363 615 obviavit.

985 635 1208 675 Conquerendo
1221 639 1375 668 monstrat
1387 637 1525 676 plantam

982 682 1047 713 Leo
1074 682 1141 713 dire
1165 683 1345 723 sauciatam,

1033 728 1075 759 Ut
1097 728 1158 759 sibi
1179 729 1372 768 provideret,

982 773 1025 805 Et
1048 774 1212 806 confestim
1236 778 1410 815 sanaretur,

985 819 1103 851 Crebra
1127 829 1200 852 cura
1222 830 1279 860 pes
1303 822 1436 864 lavatur,

1030 866 1124 897 Sente
1148 868 1237 899 vulsa
1259 877 1331 899 mox
1355 871 1491 900 sanatur.

950 946 957 953 .
983 921 1185 954 Truculentia
1207 923 1326 954 reiecta

985 967 1076 998 Velut
1101 977 1197 1007 agnus
1219 969 1304 1000 intra
1327 972 1412 1001 tecta

981 1013 1068 1044 Inter
1091 1013 1205 1046 fratres
1232 1018 1440 1054 conversatur,

981 1059 1033 1090 Ad
1043 1068 1169 1098 quorum
1179 1062 1276 1100 pedes
1285 1070 1356 1093 mox
1366 1065 1522 1095 curvatur.

1114 1133 1316 1169 Responsoria.

979 1178 1207 1219 Multilinguem
1234 1189 1404 1220 cognocens

978 1225 1023 1256 Et
1045 1224 1196 1258 famosum
1221 1228 1305 1266 Papa
1329 1228 1467 1266 prudens

1025 1272 1107 1303 Huic
1128 1272 1264 1305 iniunxit
1287 1274 1434 1314 studium,

978 1317 1053 1348 Piae
1077 1319 1187 1349 mentis
1212 1327 1249 1350 ex
1274 1319 1385 1351 affectu

978 1362 1111 1394 Sanctae
1133 1366 1242 1396 matris
1266 1375 1324 1404 pro
1350 1366 1494 1405 profectu

1022 1409 1067 1441 Ut
1091 1411 1239 1442 conderet
1263 1410 1416 1444 officium:

974 1456 1065 1486 Prius
1090 1457 1228 1497 quisque,
1254 1459 1337 1497 quod
1362 1460 1499 1501 volebat,

977 1502 1177 1545 Preeabatur‚
1202 1507 1235 1534 ut
1260 1505 1389 1547 sciebat,

975 1547 1075 1579 Suasu
1099 1549 1155 1580 sed
1178 1550 1389 1592 imperatoris,

976 1593 1064 1625 Sacri
1089 1595 1188 1626 cultus
1214 1597 1384 1630 dilectoris,

944 1672 950 1679 .
975 1649 1063 1681 Vidit
1089 1652 1347 1690 evangelistarum

1023 1696 1213 1728 Rudimenta
1237 1698 1374 1737 gloriosa

977 1741 1166 1773 Frustratim
1192 1744 1393 1782 epistolarum

1021 1788 1073 1819 Ad
1097 1789 1230 1828 legenda
1253 1792 1408 1831 pretiosa3

975 1834 1064 1865 Iussa
1084 1836 1183 1873 patris
1208 1837 1401 1881 adimplevit,

978 1880 1086 1912 Cultus
1111 1883 1157 1912 sic
1183 1883 1311 1915 diurnus
1337 1886 1446 1924 crevit,

972 1927 1186 1971 Amplexatur,
1213 1934 1391 1971 veneratur,

975 1973 1080 2004 Omnis
1106 1974 1207 2006 clerus
1231 1977 1415 2015 gratulatur.

942 2051 948 2057 .
977 2028 1086 2059 Vatum
1112 2031 1249 2067 psalmos
1274 2034 1459 2072 segregavit,

976 2073 1121 2106 Seriatim
1145 2076 1303 2108 ordinavit

1020 2120 1257 2159 Depromendos
1281 2124 1406 2164 iugiter,

972 2166 1083 2197 Almae
1107 2168 1231 2199 laudem
1255 2170 1406 2202 trinitatis

974 2213 1010 2243 In
1036 2213 1225 2251 psalmorum
1250 2215 1312 2247 fine
1335 2218 1411 2249 satis

1021 2257 1137 2290 Statuit
1159 2261 1335 2305 humiliter3

972 2303 1031 2335 Dei
1055 2305 1157 2337 laudis
1182 2313 1406 2350 augmentator,

975 2350 1110 2383 Grandis
1135 2351 1196 2384 fuit
1219 2356 1391 2389 ordinator.
