1650 2542
671 118 922 153 —221—

222 207 302 240 Fert
324 210 459 241 insultus
484 212 571 242 vultu
595 215 685 252 grata

221 255 450 296 Tyrannorum,
476 257 532 288 sed
557 261 681 290 servata

266 301 327 333 Dei
350 302 511 334 beneficio.

156 348 193 379 V.
222 348 261 380 In
285 357 320 379 se
343 357 468 388 semper
493 348 682 381 confidentes
837 343 866 375 1-

223 393 316 426 Iuvat
340 395 481 427 Christus
512 398 613 427 castas
638 399 766 435 mentes,

269 441 350 473 Dum
376 442 476 482 surgit
499 442 633 475 vexatio.

281 535 326 566 In
353 536 383 567 3.
411 534 641 567 Nocturno.
837 539 867 570 2.

372 599 563 634 Antiphonae.

167 655 198 687 1.
223 656 260 687 In
286 656 402 694 templo
427 658 518 687 vacat
541 655 687 694 precibus

274 702 318 734 Ut
341 702 510 734 Phanuelis
535 702 636 741 Anna,

224 747 403 780 Informans
428 751 515 779 actus
539 748 660 787 legibus

271 794 394 826 Divinis
418 797 454 825 ut
478 794 628 826 Susanna.

169 852 199 882 2.
227 850 322 888 Quem
346 850 477 889 colebat,
503 850 564 881 iam
589 852 769 889 regnantem

273 896 381 928 Cernit
404 897 437 927 in
462 896 658 935 caelestibus,

226 944 332 982 Ipsam
356 943 470 973 scimus
494 943 576 973 hunc
592 943 770 973 laudantem

274 989 350 1021 Cum
375 991 550 1020 sanctorum
578 989 726 1021 coetibus,

367 1063 570 1098 Responsoria.

170 1120 200 1153 1.
225 1120 313 1151 Mors
338 1119 443 1150 mariti
467 1119 625 1149 revelatur
840 1121 870 1152 5,

227 1165 335 1204 Matri,
361 1168 454 1196 natae
479 1164 686 1196 demandatur

274 1211 346 1243 Non
371 1211 476 1242 redire
499 1210 652 1252 patriam3

226 1259 314 1289 lussu
341 1257 456 1289 Christi
479 1258 571 1296 paret
593 1257 686 1295 laeta,

225 1305 365 1336 Labores
392 1306 423 1334 et
447 1303 630 1335 inconsueta

275 1350 389 1390 Captat
411 1358 469 1388 per
489 1349 651 1382 laetitiam.

156 1399 192 1429 V.
224 1397 348 1430 Christo
378 1405 491 1435 sponso
518 1396 677 1427 deservire
825 1388 862 1419 A·

224 1444 347 1483 Studet,
374 1443 476 1474 carnis
500 1445 601 1473 motus
625 1442 693 1473 irae

273 1490 433 1528 Ferreque
455 1489 639 1521 molestiam.

167 1549 199 1579 2.
226 1546 341 1579 Christi
368 1545 517 1584 languens
541 1545 574 1575 in
599 1553 704 1575 amore

227 1593 395 1625 Ierusalem
424 1600 492 1622 cum
516 1591 631 1622 sudore

271 1638 433 1671 Transivit
456 1638 534 1669 haec
559 1637 693 1677 domina,

224 1687 328 1719 Iesum
352 1694 479 1724 passum
503 1684 695 1724 lacrimatur,

223 1734 285 1766 Ore
308 1735 425 1763 terram
445 1732 603 1763 osculatur

270 1778 409 1811 Offerens
433 1778 630 1818 precamina3

155 1828 191 1860 V.
222 1826 285 1859 Sed
311 1834 380 1856 cum
405 1828 487 1855 esset
510 1824 577 1855 Deo
602 1826 701 1863 grata,

225 1873 346 1905 Cuncta
371 1871 400 1902 ei
424 1873 497 1902 sunt
521 1871 637 1902 donata

271 1920 449 1952 Clementer
473 1917 664 1957 peccamina.

165 1979 196 2011 3.
222 1977 286 2008 Vas
312 1975 472 2014 virtutum,
497 1972 599 2005 forma
622 1982 752 2013 morum,

223 2023 411 2061 Katharina,
437 2021 634 2061 populorum,

271 2069 433 2102 Castitatis
458 2068 569 2107 lilium,

223 2118 308 2149 Rosa
331 2116 446 2148 rubens
472 2114 622 2153 caritatis,
826 2115 866 2148 A.

223 2163 343 2195 Bonum
367 2165 495 2194 sanctae
519 2161 724 2201 paupertatis,

269 2210 388 2241 Amans
413 2209 474 2240 Dei
499 2207 614 2248 filium3

152 2260 189 2291 V.
223 2259 331 2296 Posce,
359 2259 460 2288 mater
482 2258 514 2286 et
535 2258 680 2295 patrona,

226 2303 405 2337 Gratiarum
431 2302 520 2334 nobis
543 2302 625 2334 dona

271 2350 393 2384 Civium
419 2349 608 2382 caelestium.

840 928 871 958 4.

977 213 1023 244 In
1048 211 1276 243 Laudibus.

1039 285 1230 320 Antiphonae.

892 343 981 375 Stola
1004 342 1106 381 prima
1130 343 1178 372 est
1200 341 1310 372 induta

939 388 1051 421 Mortis
1076 396 1150 419 suae
1173 391 1323 427 tempore,

894 435 943 467 De
966 435 1103 466 secunda
1126 435 1255 465 multum
1280 436 1356 473 tuta,

941 482 1025 520 Quae
1045 480 1100 512 fiet
1122 481 1156 512 in
1180 488 1318 519 corpore.

892 538 931 569 In
955 539 1094 568 torrente
1117 536 1288 567 molendini

940 584 1023 615 Puer
1047 591 1120 614 casu
1145 583 1266 621 cecidit,

893 631 956 662 Per
979 630 1060 661 hanc
1082 631 1173 670 pater
1198 633 1229 660 et
1250 628 1344 659 vicini

942 675 1067 707 Salvum
1091 675 1193 714 ipsum
1214 674 1336 713 recipit.

827 733 857 764 3.
882 731 1000 770 Caecis,
1032 731 1161 770 claudis,
1189 730 1343 762 debilibus

943 778 1034 809 Iuvat
1057 777 1120 808 suis
1144 777 1263 808 meritis

896 823 1039 855 Solamen
1065 821 1186 854 confert
1208 823 1344 853 tristibus

943 871 979 902 In
1005 878 1145 901 maerore
1168 870 1288 909 positis

898 925 1060 956 Libertate
1085 924 1242 956 destitutis

945 971 1042 1003 Velox
1071 970 1126 1002 dat
1148 969 1335 1008 suffragium,

895 1017 938 1048 Et
961 1018 1077 1055 adepta
1100 1016 1132 1047 vi
1155 1016 1265 1047 salutis

943 1062 1139 1094 Benedicunt
1161 1062 1337 1093 Dominum.

897 1119 959 1151 Pro
988 1118 1078 1149 nobis
1104 1117 1227 1149 Christo
1251 1116 1402 1155 supplica,

944 1165 1081 1196 Patrona
1103 1164 1240 1204 pietatis,

897 1211 942 1243 Ut
964 1219 1138 1241 mereamur
1161 1210 1279 1241 caelica

944 1257 1078 1289 Gustare
1103 1265 1171 1287 cum
1194 1256 1304 1287 beatis.

1011 1330 1055 1356 Ad
1075 1329 1256 1356 Benedictus.

893 1387 981 1418 Haec
1004 1389 1049 1417 est
1075 1389 1199 1418 sensata
1223 1384 1344 1416 femina.

895 1433 998 1473 Digne
1022 1436 1133 1464 vocata
1158 1433 1291 1463 domina.

941 1480 1081 1510 Terrena
1104 1479 1280 1518 respuendo

896 1526 1019 1558 Christo
1043 1534 1156 1565 sponso
1182 1525 1369 1556 deserviens

941 1572 1104 1604 Ecclesiae
1129 1571 1296 1603 oboediens

942 1619 1084 1657 Seipsam
1110 1617 1310 1657 annullando,

898 1665 1040 1705 Carnem,
1058 1665 1206 1696 mundum
1223 1663 1438 1703 suppeditans,

898 1712 1055 1745 Christum
1079 1712 1180 1743 Deum
1204 1709 1406 1751 magnificans

943 1760 1097 1791 Perversa
1123 1758 1323 1796 detestand03

896 1806 979 1837 Hinc
1004 1806 1186 1845 contingunt
1208 1804 1360 1835 miracula

898 1853 984 1884 Inter
1008 1855 1115 1891 gentes
1139 1860 1196 1890 per
1220 1851 1345 1882 saecula

942 1900 1046 1938 Ipsam
1072 1897 1306 1930 sanctificando.

964 1992 1010 2024 In
1036 1993 1066 2023 2.
1093 1991 1305 2030 Vesperis.

1014 2056 1060 2082 Ad
1075 2054 1251 2091 Magnificat.

898 2113 984 2153 Vale,
1010 2113 1106 2144 robur
1132 2112 1291 2151 debilium,

894 2160 1051 2191 Virtutum
1075 2158 1218 2199 fragrans
1242 2158 1352 2197 lilium,

941 2207 1134 2239 Maestorum
1159 2206 1324 2244 medicina,

895 2254 1029 2285 Precatu
1053 2254 1146 2294 placa
1171 2252 1279 2292 filium,

898 2300 958 2332 Dei
983 2299 1088 2332 ferens
1113 2299 1272 2338 auxilium,

944 2347 968 2380 Ο
993 2350 1093 2379 mater
1118 2346 1311 2384 Katharina3
