1650 2542
735 135 895 168 —246
944 153 987 159 —-

242 231 272 261 2.
298 229 478 260 Sanctitatis
503 229 569 268 ejus
593 228 676 260 fama

345 278 502 307 crescente
524 276 557 306 in
582 275 684 307 Gallia

296 321 389 352 Multi
414 322 453 353 ab
477 322 532 353 illo
556 321 718 352 sumebant

342 368 450 399 salutis
474 367 622 400 remedia.

243 425 273 455 3.
300 423 364 454 Iam
390 422 572 453 sublimatus

341 471 470 507 propter
493 468 589 499 verba
613 467 694 498 bona
714 467 833 505 beatus,

297 514 386 545 Hanc
411 514 595 552 contempsit
618 514 712 544 vitam

341 560 462 592 Christo
485 562 568 590 totus
593 560 659 599 regi
686 560 786 592 datus.

425 632 628 667 Responsoria.

239 680 269 713 1.
298 679 356 710 Per
380 682 412 710 te
433 688 490 711 nos
513 680 653 721 miseros,

339 730 430 764 pater
445 728 477 756 et
489 726 665 757 venerande
677 727 833 766 sacerdos,

295 772 427 811 Iungens
451 772 492 803 ad
515 780 644 811 superos

339 820 469 858 protege
491 827 547 849 nos
572 817 713 858 famulos,

228 863 263 895 V.
293 863 342 894 Ne
366 864 614 903 condemnemur,

341 910 423 948 quod
444 910 549 949 iniqua
573 911 709 949 gerendo
733 919 833 941 mere-

610 966 689 990 mur.

239 1012 271 1041 2.
297 1011 380 1042 Ordo
405 1019 584 1042 serenorum

344 1065 412 1087 cum
426 1057 509 1087 clero
521 1066 603 1088 nunc
613 1058 833 1089 monachorum

293 1101 367 1133 Flet
389 1111 520 1142 nequam
544 1106 631 1142 gesta

342 1149 452 1179 merito
476 1149 614 1180 recolens
638 1152 692 1180 tua
714 1148 805 1188 festa,

228 1194 264 1225 V.
295 1193 354 1224 Sed
382 1194 449 1233 quis
475 1197 645 1234 cunctatur,

341 1240 423 1279 quod
447 1240 525 1271 solvi
549 1249 610 1272 non
630 1240 810 1272 mereatur?

1015 227 1059 258 In
1085 228 1115 260 3.
1140 226 1370 258 Nocturno.

1097 328 1298 363 Responsoria.

906 403 935 434 1.
961 401 1086 441 Signum
1111 402 1296 433 admirabile

962 448 1067 479 Servis
1091 449 1155 480 suis
1182 448 1270 479 dedit
1294 447 1456 485 Dominus,

960 494 1024 526 Ubi
1048 494 1244 533 requiescere

959 540 1097 571 Deberet
1121 543 1247 573 sanctus
1271 540 1495 578 Leonhardus3

922 612 929 619 .
960 587 1082 620 Cecidit
1104 587 1159 617 nix
1182 586 1336 618 altissima

960 633 997 664 In
1021 635 1089 664 tota
1113 632 1180 663 fere
1202 632 1375 671 provincia,

960 678 1061 710 Locus
1087 681 1189 710 autem
1214 679 1337 709 omnino

959 725 1119 764 Apparuit
1143 733 1267 759 vacuus,

927 852 933 860 .
960 828 984 859 O
1009 830 1100 866 pater
1125 827 1267 866 insignis,

1005 874 1136 904 rutilans
1160 881 1218 912 per
1249 873 1373 904 saecula
1396 873 1503 914 signis,

959 920 1014 959 Te,
1041 920 1090 950 cui
1114 922 1186 951 vota
1209 919 1328 958 damus,

1005 966 1192 997 Leonharde
1217 965 1320 1005 beate,
1349 974 1502 1004 rogamus,

959 1011 1060 1043 Aufer
1083 1012 1122 1043 ab
1147 1012 1196 1042 his
1220 1020 1347 1051 poenas,

1007 1059 1039 1089 in
1066 1066 1191 1089 carcere
1214 1058 1300 1089 solve
1325 1060 1462 1089 catenas.

924 1130 931 1136 .
959 1104 1037 1135 Esto
1061 1113 1179 1135 memor
1199 1112 1379 1143 memorum,

1007 1159 1104 1181 nexus
1130 1150 1265 1182 dissolve
1287 1158 1421 1188 reorum,

960 1196 1089 1235 Sintque
1112 1196 1338 1235 triumphantes

1005 1243 1109 1273 natale
1131 1245 1218 1273 tuum
1242 1245 1435 1274 venerantes.

300 1313 383 1339 Brcv.
405 1312 698 1340 Gallicano-Siculum
718 1314 786 1348 imp.
805 1314 935 1340 Venetiis
957 1312 1027 1341 1527
1048 1315 1081 1341 A.
1101 1329 1137 1333 —
1156 1314 1240 1341 Brev.
1254 1315 1413 1342 Romanum
1433 1316 1502 1350 imp.

227 1350 348 1376 Venetia.
376 1347 455 1375 1522.
474 1350 507 1376 B.
521 1364 554 1368 —
578 1350 634 1376 Die
651 1350 713 1376 hier
732 1350 883 1377 fehlenden
896 1351 978 1378 Teile
998 1353 1052 1378 wie
1071 1353 1103 1378 in
1118 1352 1168 1379 Nr.
1183 1349 1229 1378 84.
1243 1366 1279 1370 —
1298 1352 1338 1379 In
1360 1350 1384 1378 1.
1398 1352 1469 1379 Ves
1475 1362 1502 1387 p.

226 1385 247 1411 A
270 1386 293 1418 1,
316 1384 331 1412 1
358 1385 381 1412 O
400 1386 472 1412 fehlt
490 1387 524 1413 A.
551 1401 585 1405 —
614 1386 636 1412 A
657 1385 681 1420 1,
703 1385 719 1413 5
742 1387 866 1414 vinculis
886 1388 919 1415 B.
942 1402 979 1406 —
1006 1386 1026 1413 Β
1054 1388 1175 1416 Sanctus
1201 1389 1389 1415 Leonhardus
1417 1390 1503 1416 relin-

225 1431 313 1458 quens
340 1425 392 1450 etc.
423 1438 461 1442 —
490 1424 530 1450 In
562 1422 585 1450 1.
609 1424 707 1451 Noct.
733 1423 755 1450 A
782 1422 814 1457 2,
836 1423 856 1451 4
883 1433 1004 1460 sequens
1033 1426 1092 1452 AB.
1122 1440 1159 1444 —-
1189 1424 1209 1451 Β
1234 1424 1248 1452 1
1278 1426 1386 1453 Beatus
1415 1428 1503 1461 igitur

224 1459 409 1486 Leonhardus
429 1460 508 1487 clara
526 1462 615 1496 stirpe
635 1463 686 1487 etc.
707 1477 743 1480 —
764 1459 784 1487 Β
802 1459 820 1487 2
840 1461 949 1488 Infirmi
969 1464 1158 1498 percipientes
1175 1465 1228 1489 etc.
1245 1477 1282 1481 —
1301 1463 1343 1490 In
1361 1461 1387 1489 2.
1402 1464 1502 1491 Noet.

226 1495 247 1521 A
268 1495 292 1529 1,
315 1495 328 1522 1
355 1497 439 1523 Lies:
465 1497 615 1524 Deseritur
639 1498 740 1524 vicus?
765 1512 803 1516 -—
828 1497 849 1524 A
872 1497 896 1532 1,
916 1498 935 1526 4
956 1500 1115 1534 spiritualis
1135 1500 1167 1526 B.
1187 1514 1223 1518 —
1248 1498 1269 1525 Β
1291 1499 1315 1532 1,
1335 1499 1354 1527 4
1374 1501 1503 1528 servulos

224 1534 281 1560 AB.
301 1547 337 1551 —
364 1532 383 1558 Β
404 1531 429 1565 2,
451 1530 468 1560 3
492 1534 587 1561 Flevit
605 1535 663 1561 AB.
683 1549 720 1553 —
748 1533 768 1560 Β
789 1533 806 1562 3
830 1536 961 1563 Liberati
985 1537 1137 1572 ergastulis
1158 1538 1210 1564 etc.
1235 1551 1273 1555 —
1298 1538 1339 1564 In
1360 1535 1386 1565 3.
1404 1538 1503 1565 Noct.

225 1569 246 1595 A
268 1569 282 1596 1
302 1570 458 1597 Revelante
474 1571 531 1598 sibi
551 1572 611 1605 Deo
633 1574 684 1598 etc.
711 1586 744 1590 —
771 1571 792 1598 A
813 1571 830 1598 2
855 1573 926 1600 Cum
946 1582 1002 1609 quo
1023 1575 1207 1601 conversatus
1227 1574 1283 1600 fuit
1302 1580 1355 1601 etc.
1378 1589 1414 1592 —
1443 1574 1464 1600 A
1486 1573 1503 1602 3

223 1608 276 1633 Mis
288 1615 345 1634 eros
365 1608 502 1634 curcerali
523 1610 574 1634 etc.
594 1623 631 1628 —
653 1607 672 1634 R
688 1608 703 1635 1
723 1609 818 1636 Homo
832 1610 888 1636 Dei
910 1618 928 1637 a
947 1611 1065 1637 caelesti
1085 1613 1137 1637 etc.
1152 1627 1189 1630 —
1207 1611 1252 1637 Ad
1265 1612 1358 1638 Laud.
1379 1611 1426 1638 AA
1447 1614 1502 1639 wie

223 1647 262 1671 im
282 1644 531 1679 vorhergehenden
551 1645 691 1672 Officium.
711 1660 747 1664 —
768 1646 812 1672 Ad
825 1647 929 1674 Bened.
945 1646 967 1673 A
987 1648 1092 1675 Inclita
1110 1648 1185 1674 festa
1204 1648 1379 1676 celebrantes
1394 1652 1447 1676 etc.
1463 1664 1501 1668 ——

223 1682 264 1707 In
283 1679 309 1707 2.
326 1682 395 1708 Ves
405 1690 432 1716 p.
455 1682 491 1708 ad
510 1682 607 1718 Magn.
628 1682 650 1708 A
671 1684 737 1718 Ace,
757 1686 838 1718 pater
850 1684 912 1711 Deo
933 1684 1020 1719 digne
1039 1687 1091 1712 etc.

632 1811 677 1841 86.
717 1810 760 1842 De
779 1813 884 1843 sancto
904 1813 1092 1844 Leonhardo.

351 1886 397 1918 In
422 1887 453 1919 1.
479 1887 692 1928 Vesperis.

408 1958 499 1995 Super
517 1960 657 1988 Psalmos.

224 2026 264 2059 A,
293 2024 387 2055 Miles
411 2025 479 2065 Dei,
505 2026 553 2057 leo
577 2026 678 2066 fortis,

294 2070 419 2101 Nardus
448 2080 557 2102 curans
581 2073 689 2112 plagas
713 2075 831 2114 mortis,

293 2114 489 2147 Afflictorum
515 2119 700 2159 consolator,

295 2162 492 2202 Captivorum
517 2164 677 2205 liberator,

293 2208 357 2240 Nos
381 2210 520 2247 peccatis
545 2213 714 2250 catenatos,

293 2255 392 2294 Gippo
417 2255 497 2286 labis
521 2256 694 2288 vinculatos

292 2301 357 2333 Nos
382 2301 525 2333 absolvas
551 2306 582 2333 et
605 2312 666 2334 non
690 2305 790 2343 tarde,

292 2348 472 2387 Precamur,
497 2352 604 2380 sancte
627 2349 821 2383 Leonharde.

1075 1890 1119 1917 Ad
1138 1891 1314 1927 Magnificat.

890 1939 929 1970 A.
961 1938 1099 1969 Alleluia
1124 1942 1229 1970 cantet
1251 1940 1391 1979 gaudens

961 1983 1044 2015 Gens
1068 1983 1171 2016 fidelis
1196 1985 1375 2025 christiana,

961 2031 1100 2062 Alleluia
1123 2032 1240 2070 psallat
1262 2032 1416 2070 plaudens

961 2077 1070 2109 Clerus
1093 2077 1230 2109 melodia
1252 2078 1357 2117 plana,

961 2123 1099 2155 Alleluia
1122 2126 1246 2162 promat
1269 2127 1335 2154 toto

962 2169 1186 2200 Monachorum
1212 2170 1329 2210 concio,

962 2215 1100 2246 Alleluia
1125 2215 1208 2246 dulci
1233 2219 1305 2247 voto

961 2260 1078 2293 Iubilet
1102 2260 1226 2293 Christo
1250 2262 1329 2303 Deo,

964 2307 1024 2337 Per
1051 2316 1141 2346 quem
1165 2309 1310 2340 redolens
1334 2313 1370 2341 ut
1385 2312 1504 2343 nardus

961 2352 1074 2392 Fulget
1097 2357 1222 2386 sanctus
1248 2355 1463 2391 Leonhardus.
