1650 2542
769 135 1021 170 —110—

321 223 405 254 Ictus
430 226 575 257 aestimat
597 227 741 258 remissos
984 228 1079 260 Callis
1104 228 1215 261 fultum
1241 229 1341 261 cernit
1366 238 1490 269 gnaruS,

367 269 533 303 Fefcllisse
554 274 694 312 protinus
1030 275 1161 307 Severus
1184 285 1252 308 cum
1279 276 1408 315 ceteris;

319 315 441 354 Tortor,
469 327 542 358 rogo
567 321 641 350 tunc
663 320 815 352 immissos
982 322 1172 361 Augustinus
1197 332 1317 362 quoque
1341 322 1434 354 scivit

367 363 506 403 Protegit
529 364 717 404 Ieronymus.
1029 369 1111 400 Pure
1134 377 1195 400 non
1219 369 1276 400 sub
1301 369 1419 410 nubilo,

250 407 287 438 V.
318 407 454 447 Iugulati
477 413 689 442 sustentantur
981 414 1073 445 Atria
1096 415 1180 454 quod
1203 415 1346 447 introivit

362 454 439 485 Eius
464 456 642 494 ministerio,
1028 460 1153 492 Domini
1176 461 1208 492 in
1232 461 1338 493 iubilo.

317 500 410 538 Quem
436 501 597 539 vocabant,
625 507 844 536 conversantur
924 516 954 548 3.
980 516 1026 546 Te
1050 516 1187 556 suscepit
1212 517 1324 548 dextra
1350 516 1474 555 Christi,

360 545 442 576 Hinc
464 547 495 577 in
518 549 714 580 monasterio.
1027 562 1120 593 Pater
1145 563 1342 602 venerabilis,

260 610 289 641 2·
316 609 364 640 De
388 610 510 648 pictura
535 620 624 643 cruor
648 612 736 644 fluxit
981 607 1037 639 Cui
1061 608 1189 640 devotus
1214 609 1384 641 adhaesisti

359 655 452 687 Ensis
479 657 551 688 dum
574 659 776 699 immergitur,
1027 654 1125 685 CUPSU
1152 655 1233 686 Vitae
1256 656 1370 693 labilis,

314 701 444 733 sanetus
469 703 565 735 iudici
588 705 701 745 illuxit,
985 700 1114 732 Voluisti
1138 703 1169 731 te
1191 701 1314 733 humari
1360 749 1366 754 ,
1393 748 1400 754 ,

358 747 488 779 Factum
512 753 628 793 narrat,
654 753 804 794 pergitur,
1024 747 1076 777 Ad
1100 755 1252 799 Praesepe
1276 748 1421 800 Donum>-

316 793 396 824 Illuc
416 803 545 834 nequam
571 798 722 829 Arrianus
978 792 1087 824 NUdUS
1108 801 1175 823 lens
1200 802 1238 845 ezg
1263 794 1322 825 1¹00
1345 803 1434 847 mari,

362 840 458 871 Fixus
483 842 585 873 adhuc
608 846 747 886 steterat,
1022 840 1086 878 QUO
1116 839 1184 870 laus
1210 848 1275 871 elus
1298 849 1425 874 DOfflffll·

316 885 359 916 Ut
383 885 579 925 blasphemus
605 892 696 929 atque
719 900 826 932 vanus,
919 895 950 926 4.
977 894 1083 925 Virtus
1109 895 1207 925 omnis
1231 904 1436 934 supernorum

357 931 464 964 Donec
487 934 576 972 plebs
602 937 780 970 advenerat.
1021 941 1192 972 Benedicat
1215 941 1391 983 Dominum,

245 975 279 1007 V.
310 976 493 1018 Lanceatus,
519 981 672 1020 gladiatus
974 986 1053 1017 Nam
1080 987 1214 1018 deducet
1238 991 1341 1020 coetus
1364 988 1470 1019 horum

354 1024 403 1054 Ac
427 1024 553 1057 obrutus
578 1027 684 1067 lapide
834 1047 837 1050 -
1020 1033 1071 1064 Ad
1097 1041 1264 1072 supernum
1290 1034 1400 1065 solium

311 1068 385 1100 Obit
407 1070 500 1102 miser
523 1072 682 1111 laqueatus
975 1078 1068 1109 Hunc
1092 1079 1249 1110 doctorem
1275 1081 1454 1120 gloriosum,

354 1115 454 1147 Hamo
479 1119 590 1149 mentis
615 1120 754 1154 rabidae.
1020 1125 1179 1156 Doctrinis
1204 1126 1404 1169 uberrimum,

972 1170 1120 1202 Fructum
1145 1172 1197 1210 qui
1224 1173 1277 1203 dat
1301 1173 1485 1205 luminosum

250 1180 279 1211 3'
306 1178 353 1209 De
377 1180 537 1221 Ieronymo
562 1191 671 1215 secura
1018 1217 1116 1248 Nobis
1141 1218 1388 1251 saluberrimum.

308 1224 425 1256 Cuncta
454 1228 506 1266 pie
526 1232 668 1261 creatura

310 1270 433 1303 Christo
455 1275 580 1314 psallat,
607 1277 691 1308 cuius
717 1287 789 1311 cura
916 1273 945 1304 5-
973 1271 1134 1303 ΕΧᾶῙΐὶΝῘῑ
1160 1274 1191 1304 in
1216 1274 1347 1305 Salutem

306 1316 389 1348 Mira
408 1317 487 1349 fiunt
510 1320 541 1350 iu
565 1324 692 1361 natura3
1017 1318 1215 1350 Mansuetum
1238 1319 1389 1351 Dominus

308 1361 442 1394 Gloriosi
464 1366 563 1403 patris
587 1376 667 1405 pum
970 1363 1013 1394 Et
1037 1366 1205 1404 assumpsit
1227 1366 1269 1397 ad
1293 1367 1439 1398 virtutem
1458 1378 1461 1381 ·

308 1407 428 1440 Sternit
451 1411 629 1444 daemonem
654 1414 758 1454 figura.
1018 1410 1103 1441 Cssefi
1127 1411 1338 1452 nihilominus,

308 1454 392 1485 Pelle
416 1456 504 1488 nobis
528 1460 676 1502 noestam,
971 1456 1077 1487 Visum
1102 1457 1205 1488 vibrat
1228 1459 1282 1489 lux
1305 1459 1456 1492 immensa

309 1501 392 1537 Quae
416 1505 567 1542 «aggessit
591 1507 673 1538 mala
696 1509 794 1551 plura,
1016 1502 1192 1556 SuaV'lsque·
1212 1503 1386 1557 fragrssssfia

239 1544 273 1577 V.
303 1545 381 1577 Nam
407 1550 506 1588 imago
531 1559 585 1581 seu
609 1553 740 1595 pictura,
969 1548 1069 1579 Nares
1092 1552 1218 1590 sparffit,
1249 1559 1316 1581 cum
1342 1555 1466 1585 mtensa

303 1591 391 1629 Quod
416 1594 488 1626 hine
512 1595 598 1636 fugat
620 1608 640 1630 a
663 1599 785 1632 factura
1012 1595 1125 1626 Mortis
1151 1599 1197 1627 est
1221 1597 1405 1630 substantia.

303 1637 362 1668 Dei
385 1640 493 1672 laudes
517 1644 689 1678 redditura.
1076 1686 1120 1713 Ad
1146 1688 1317 1715 Benedictus

397 1760 438 1790 111
463 1760 683 1796 Laudibus·
901 1753 938 1783 A.
972 1751 1082 1794 Verbo,
1110 1753 1226 1792 scripto
1252 1755 1335 1793 quod
1357 1756 1483 1787 sudavit

1012 1798 1064 1831 Ad
1091 1799 1225 1830 dandam
1250 1801 1421 1841 scientiam,

448 1851 637 1887 Antiphonae.
968 1836 1067 1875 Actis'
1081 1853 1206 1885 semper
1231 1847 1420 1887 adprobavit

1013 1891 1104 1922 Vitae
1127 1900 1184 1930 per
1210 1893 1393 1935 decentiam,

969 1937 1080 1969 Omnes
1106 1938 1170 1969 eius
1195 1940 1315 1980 scripta
1339 1944 1454 1973 statum

1013 1982 1214 2016 Informando
1239 1986 1386 2026 solidant,

967 2030 1077 2061 Finem
1102 2031 1205 2062 suadit
1229 2032 1270 2063 ad
1294 2032 1418 2064 beatum

1011 2076 1053 2107 Et
1079 2076 1177 2115 culpis
1202 2078 1426 2120 improperant,

966 2122 1116 2161 Linguam
1141 2124 1271 2162 ampliat
1294 2125 1423 2157 latinam

1010 2167 1123 2207 Legem
1148 2169 1205 2200 sub
1230 2170 1290 2202 hac
1314 2173 1405 2204 unica

965 2215 1074 2246 Totam
1097 2214 1290 2248 transferens
1317 2219 1454 2252 divinam

1010 2259 1119 2292 Verba
1140 2270 1197 2300 per
1220 2264 1375 2307 veridica3

245 2294 275 2323 2.
301 2293 393 2325 Hunc
418 2295 563 2338 Cyrinus,
588 2304 678 2340 pater
703 2304 814 2345 clarus,
966 2307 1095 2346 Semper
1115 2308 1205 2340 nobis
1226 2310 1409 2351 interpellat

348 2340 494 2375 Cantibus
523 2347 555 2376 et
576 2348 673 2380 cereis
1012 2353 1140 2384 Veniam
1161 2356 1354 2398 leronymus,

248 1904 277 1935 1.
304 1905 408 1937 Armis
432 1907 505 1939 fidei
528 1913 735 1955 praecinctus,

350 1951 452 1984 Febre
475 1955 550 1987 licet
572 1958 677 1990 valida

304 1996 428 2038 Tactus,
455 2002 585 2034 caritate
608 2005 739 2047 vinctus,

348 2044 451 2076 Docet
474 2049 577 2080 tamen
601 2052 721 2092 sapida,

305 2088 482 2132 Confitetur,
510 2095 564 2126 dat
585 2105 619 2127 se
644 2097 709 2129 Deo

351 2135 488 2170 Celebris
511 2140 701 2184 Ieronymus,

302 2181 420 2221 Migrat
441 2185 539 2218 iustus
565 2191 596 2219 et
617 2190 648 2220 in
675 2199 710 2223 eo

346 2229 398 2260 Sic
421 2234 563 2271 regnavit
586 2235 744 2272 Dominus.

1568 2213 1592 2234 l
