1650 2542
394 230 438 261 In
466 231 495 262 1.
522 231 578 262 No
589 234 743 264 eturno.

472 294 661 329 Antiphonae.

273 338 303 370 1.
330 339 353 370 O
378 340 492 371 Iacobe

377 386 579 425 supplantans
604 387 689 429 vitia,

339 430 431 462 Cuius
456 432 540 463 orbis

376 477 491 515 gaudet
514 478 671 517 memoria,

328 522 415 561 Roga
439 522 603 566 Christum,

375 568 428 598 det
449 568 537 599 nobis
562 570 684 608 gaudia.

270 623 300 652 2.
329 621 468 653 Christus
492 626 594 655 tecum

374 668 449 699 Iairi
472 668 566 700 filiam

323 713 499 745 Resuscitat

373 760 475 791 dando
499 762 659 802 laetitiam,

328 806 447 837 Praebe
472 807 559 839 nobis

371 852 508 883 iustitiae
531 854 623 887 viam.

270 907 300 937 3.
326 905 549 939 Defunctorum

370 954 575 994 resuscitatio,

324 997 518 1030 Infirmorum

366 1045 445 1075 mira
470 1047 587 1078 curatio

321 1090 365 1120 Et
389 1091 570 1123 daemonum

366 1139 399 1167 tu
424 1145 456 1167 es
482 1136 607 1178 fugatio.

456 1210 656 1245 Responsoria.

262 1263 291 1294 1.
321 1263 451 1296 Sanctus
477 1270 602 1298 vocatus
627 1277 645 1298 a
668 1269 735 1300 Deo

367 1310 547 1343 Reficiendo
571 1314 650 1344 retia

325 1356 436 1394 Spreto
462 1362 552 1396 patre
576 1359 736 1393 Zebedaeo

365 1402 439 1441 Ipse
461 1405 588 1443 reliquit
611 1407 720 1439 omnia.

250 1446 285 1477 V.
317 1447 377 1487 Qui
408 1450 548 1487 sequitur
570 1460 629 1490 me,
654 1462 720 1483 non
744 1454 855 1485 ambu-

318 1493 365 1524 lat
387 1494 422 1524 in
447 1497 590 1529 tenebris.

259 1549 290 1579 2.
316 1548 425 1580 Monte
448 1551 574 1582 Thabor
598 1553 781 1585 sublimatur

365 1594 437 1626 Cum
462 1595 560 1628 fratre
580 1598 674 1630 Petro
697 1600 790 1639 socio,

310 1643 339 1672 A
367 1642 449 1672 nube
472 1643 524 1673 hic
548 1644 758 1686 obumbratur,

359 1687 439 1718 Dum
464 1687 501 1719 fit.
523 1690 762 1730 transfiguratio.

248 1732 284 1763 V.
315 1732 447 1764 Nemini
499 1735 642 1767 dixeritis
688 1738 851 1774 visionem,

312 1786 409 1815 qvam
431 1780 563 1812 vidistis.

261 1832 291 1863 3.
317 1833 416 1865 Facta
440 1838 487 1866 est
510 1836 567 1867 tibi
591 1838 707 1877 missio,

314 1879 509 1912 Infirmorum
534 1884 652 1915 curatio

314 1925 358 1956 Et
383 1927 564 1959 daemonum
588 1929 716 1971 fugatio,

313 1971 482 2011 Corporum
508 1976 676 2009 suscitatio.

247 2015 280 2048 V.
309 2017 374 2056 Ite,
401 2020 552 2052 mundate
577 2022 725 2063 leprosos,
745 2034 848 2064 para-

314 2062 421 2103 lyticos
446 2069 562 2099 curate.

368 2156 412 2187 In
438 2158 468 2189 2.
495 2158 717 2194 Nocturno.

447 2230 638 2266 Antiphonae.

254 2284 282 2316 1.
307 2285 520 2326 Hermogenes

353 2341 431 2370 quae
454 2334 536 2365 male
559 2341 698 2375 gesserat

870 142 936 175 130
985 161 1030 165 -

997 235 1078 266 Arte
1100 245 1157 267 sua

1045 284 1075 312 et
1099 284 1347 323 praedicaverat,

995 328 1174 360 Annullasti

1045 377 1085 413 et,
1112 384 1190 415 quae
1212 377 1239 408 is
1265 379 1443 419 scripserat.

938 429 967 460 2.
995 430 1056 461 Per
1079 433 1112 461 te
1135 432 1220 471 plebi

1039 475 1075 507 fit
1098 479 1258 522 reseratio,

993 521 1222 562 Scripturarum

1036 569 1239 611 adnuntiatio,

993 614 1149 647 Nativitas

1037 663 1069 691 et
1088 662 1205 694 Christi
1229 667 1350 706 passio3

934 716 964 747 3.
990 715 1161 748 Reseratur

1036 764 1067 793 et
1091 767 1277 798 resurrectio

987 807 1031 839 Et
1055 809 1096 839 ad
1120 811 1222 843 caelos

1035 855 1114 886 mira
1137 859 1288 899 ascensio,

988 899 1071 931 Hinc
1094 901 1264 936 bacchatur

1035 946 1173 980 nefanda
1192 952 1287 984 natio.

1120 1022 1324 1057 Responsoria.

929 1075 958 1106 1.
985 1076 1102 1108 Iudaea
1132 1081 1162 1109 et
1187 1079 1326 1113 Samaria

1033 1123 1093 1154 Per
1121 1127 1152 1155 te
1175 1128 1387 1169 praedicatur,

986 1168 1078 1200 Cuius
1104 1179 1216 1210 corpus
1242 1173 1376 1206 Gallicia

1032 1214 1199 1249 Possidens
1226 1219 1358 1260 ditatur-3

916 1259 953 1291 V.
982 1260 1110 1299 Mamm
1135 1267 1179 1295 est
1198 1265 1303 1304 ylorz'a
1325 1268 1391 1299 eius
1413 1269 1451 1299 in
1474 1279 1524 1301 ειν

985 1306 1085 1337 lutari
1112 1311 1175 1342 tuo.

928 1362 957 1391 2.
985 1361 1172 1403 Hermogeni
1197 1364 1261 1398 fert
1283 1369 1433 1413 Philetus,

978 1407 1065 1445 Quod
1090 1412 1187 1442 sacris
1213 1414 1379 1454 scripturis
1402 1416 1501 1449 fretus

981 1453 1112 1487 Sanctus
1138 1460 1245 1497 nequit
1265 1463 1406 1500 superari

978 1500 1023 1531 Et
1045 1510 1102 1540 per
1125 1503 1227 1543 ipsum
1253 1507 1319 1538 vult
1342 1510 1469 1544 salvari.

977 1546 1065 1578 Nam
1105 1549 1142 1580 de
1181 1554 1286 1584 ventre
1322 1555 1389 1587 eius
1424 1558 1522 1594 fluent

980 1601 1083 1632 aquae
1105 1596 1203 1629 vivae.

924 1649 954 1681 3.
980 1649 1030 1680 Ab
1056 1650 1252 1693 Hermogene
1276 1655 1382 1694 figitur

980 1695 1118 1728 Philetus
1142 1706 1201 1729 nee
1225 1701 1364 1741 erigitur,

979 1741 1037 1778 Qui
1061 1744 1186 1776 sudario
1208 1747 1347 1786 tangitur

975 1787 1019 1818 Et
1043 1789 1084 1819 ad
1108 1794 1247 1823 sanctum
1273 1796 1451 1830 revertitur.

937 1857 944 1864 .
972 1833 1134 1868 Dominus
1145 1838 1237 1878 eriqit
1246 1839 1346 1883 elisos,
1359 1842 1520 1877 Dominus

974 1879 1067 1912 solvit
1078 1876 1084 1881 “
1094 1886 1293 1924 compeditos.

1032 1975 1078 2006 In
1105 1977 1135 2009 3.
1161 1977 1388 2014 Nooturno.

1113 2049 1305 2085 Antiphonae.

919 2102 949 2135 1.
976 2104 1023 2134 Tu
1046 2105 1182 2137 traderis
1207 2110 1351 2141 custodia

972 2150 1048 2181 Post
1071 2151 1149 2182 haec
1172 2154 1309 2187 Herodis
1335 2158 1429 2201 curia,

972 2196 1017 2226 Te
1040 2197 1160 2229 iudicat
1182 2208 1243 2231 vox
1266 2202 1373 2242 impia.

913 2252 944 2282 2.
972 2252 1113 2291 Paralysi
1138 2255 1306 2289 dissolutus

970 2298 1032 2329 Per
1055 2301 1087 2329 te
1110 2301 1256 2334 redditur
1279 2306 1409 2346 solutus,

972 2343 1053 2375 Dum
1075 2346 1116 2377 ad
1139 2356 1246 2380 necem
1272 2353 1305 2382 tu
1331 2361 1364 2383 es
1390 2354 1511 2388 ductus.
