1650 2542
696 107 947 142 —241—

173 197 212 229 V.
243 198 425 240 Mundetur,
447 210 586 242 praeses,
612 203 731 244 civitas,

247 245 315 277 Viri
338 247 515 287 blasphemi
539 249 664 280 semitas

290 292 371 324 Dele
395 296 495 324 morte
520 294 609 328 dura.

190 358 221 389 2.
250 357 406 389 Praesidis
431 358 600 390 instantiae

291 403 418 443 Martyr
443 404 620 444 deputatur,

247 448 352 481 Genus
377 450 487 481 mortis
509 451 626 490 impiae

291 496 422 527 Praeses
446 497 652 536 machinatur,

247 540 369 580 Cogitat
394 545 426 573 et
449 543 601 580 mussitat,

244 587 386 619 Mentem
409 587 497 620 furor
520 589 632 621 incitat

291 634 439 666 Nondum
467 644 568 674 poena
592 638 695 678 satur3

176 679 213 712 V.
246 680 360 718 Gratis,
387 681 498 723 inquit,
523 682 556 713 in
579 682 698 714 trutina

246 726 408 759 Candente
432 727 510 759 ferri
534 729 678 760 machina

294 773 391 805 Vivus
415 775 564 813 patiatur.

188 838 219 869 3.
245 838 417 876 Applicato
442 839 611 871 craticulae

290 884 461 916 Laurentio

245 931 367 962 Prunas
392 930 572 963 ministrant
595 933 751 971 vernulae,

290 976 372 1015 Quas
396 975 477 1008 fusio

243 1022 408 1062 Sanguinis
434 1026 599 1063 exasperat

289 1069 334 1101 Et
357 1069 469 1100 incitat
491 1078 649 1112 vaporem,

241 1114 339 1147 Frixa
364 1124 436 1147 caro
461 1119 591 1155 generat

289 1161 426 1193 Videndi
457 1161 619 1193 fastidium

334 1207 379 1239 Et
404 1208 543 1239 dentium
567 1208 745 1240 stridorem.

167 1254 205 1285 V.
234 1254 355 1286 Ridens
377 1256 498 1293 martyr

284 1300 368 1332 inter
393 1300 495 1332 carnis
520 1299 638 1332 frusta:

238 1348 381 1389 Praeses,
405 1347 517 1388 inquit,

286 1401 379 1425 versa
402 1393 476 1424 hinc
500 1396 532 1424 et
554 1396 654 1432 gusta.

180 1460 212 1491 4.
239 1459 372 1490 Praeses
397 1457 484 1497 furit,
509 1461 630 1498 martyr
653 1461 724 1490 orat

284 1505 323 1537 In
347 1513 454 1547 agone,

239 1552 337 1591 Quem
363 1551 490 1583 caelesti
513 1552 599 1583 Deus
623 1554 711 1583 rorat

285 1598 460 1637 Unctione;

237 1646 348 1677 Plures
372 1645 447 1676 deos
476 1644 597 1683 respuit

283 1692 322 1724 In
346 1691 456 1731 populi
480 1693 649 1730 stuporem,

236 1739 337 1770 Deum
360 1746 455 1771 unum
479 1738 591 1769 astruit

286 1785 422 1826 Patrem,
447 1786 565 1823 natum,
589 1784 691 1815 incliti

328 1830 480 1862 Paracliti
503 1830 653 1869 datorem,

169 1878 206 1911 V.
240 1877 382 1909 Tandem
408 1876 509 1907 victor

283 1924 362 1955 vivit
384 1923 418 1954 iu
442 1922 586 1965 Domino,

241 1971 341 2003 Facto
365 1970 450 2002 vitae

282 2016 459 2057 praesentis
482 2016 625 2047 termino.

328 2140 376 2172 In
398 2137 625 2172 Laudibus.

378 2222 571 2257 Antiphonae.

180 2292 210 2324 1.
237 2290 262 2322 Ο
288 2297 380 2328 quam
404 2289 569 2328 praeclara

287 2335 419 2368 debetur
441 2335 550 2368 laurea
572 2336 697 2375 palmae

223 2396 346 2422 Dreves,
359 2392 478 2417 Historiae
491 2393 645 2422 rhythmicae.
673 2392 713 2415 VI.

914 201 1072 242 Martyrii‚
1098 202 1183 232 cuius

963 248 1065 287 portio
1092 247 1234 279 Christus
1259 247 1336 288 erit;

919 295 942 327 O
968 303 1058 334 quam
1083 293 1161 325 felix
1185 293 1378 332 martyrium,

917 341 1005 379 Quod
1029 349 1180 371 summum
1199 340 1284 379 parit
1299 339 1456 378 gaudium.

882 421 890 428 .
915 396 982 428 Hos
1006 396 1087 427 stola
1110 398 1159 427 ter
1184 396 1272 436 dena,

963 442 1112 482 quosdam
1134 442 1293 481 duplicata
1310 441 1431 480 decore,

917 488 1052 529 Martyr,
1079 491 1208 519 centena

960 537 993 565 te
1017 535 1173 566 cumulata
1194 536 1316 572 manet;

916 581 977 619 Sic,
1003 581 1162 620 Laurenti,
1186 582 1307 619 martyr
1329 577 1454 616 Christi,

916 626 1067 658 Laureari
1089 627 1239 657 meruisti.

883 704 890 712 .
916 682 1006 714 Misit
1028 682 1180 713 Dominus
1205 681 1346 721 angelum

917 730 1012 761 Suum
1037 730 1069 759 et
1091 728 1238 759 liberavit

915 775 969 806 Me
995 775 1034 806 de
1057 774 1159 805 medio
1183 774 1263 814 ignis

914 821 958 853 Et
980 829 1042 852 non
1065 829 1133 851 sum
1157 822 1325 858 aestuatus,

914 867 993 906 Quia
1016 869 1177 897 accusatus

914 913 985 944 Non
1007 913 1118 952 negavi
1141 920 1252 943 nomen
1276 913 1418 942 sanctum

914 959 1020 997 Suum,
1045 959 1254 997 iuterrogatus

915 1005 1071 1037 Christum
1096 1002 1254 1035 confessus
1278 1011 1356 1034 sum.

880 1085 886 1092 .
912 1060 958 1091 Te
981 1060 1098 1098 laudet,
1124 1058 1218 1099 Deus,
1238 1058 1335 1089 omnis
1352 1058 1454 1096 homo,

959 1105 1018 1136 tibi
1043 1107 1154 1136 cuncta
1178 1106 1283 1135 creata

912 1152 1064 1192 Martyris
1088 1152 1121 1182 111
1144 1150 1264 1182 meritis

960 1199 1034 1229 dent
1057 1198 1123 1229 vita
1145 1199 1219 1228 vota
1242 1196 1314 1235 tuis,

912 1244 985 1276 Tibi
1008 1244 1087 1283 laus,
1112 1243 1171 1274 tibi
1195 1243 1305 1284 gloria,

912 1291 971 1329 Qui
994 1290 1079 1322 solus
1103 1292 1193 1329 potes
1218 1289 1329 1320 omnia.

1026 1381 1072 1407 Ad
1092 1380 1273 1407 Benedictus.

874 1472 880 1478 .
911 1447 935 1479 O
960 1448 1033 1480 Iesu
1057 1446 1174 1480 Christi
1197 1446 1330 1483 bonitas,

957 1494 981 1526 Ο
1007 1493 1117 1533 gratia,

911 1540 1022 1580 Dirige
1045 1541 1169 1571 nostras
1192 1538 1318 1570 semitas

958 1587 1010 1618 Ad
1033 1586 1182 1627 praemia,

910 1636 995 1674 Quae
1018 1641 1125 1665 servas
1148 1630 1339 1669 martyribus

959 1680 1005 1712 Ob
1030 1679 1176 1710 meritum
1199 1677 1335 1717 virtutis,

911 1729 961 1760 Da
985 1726 1047 1757 tuis
1072 1724 1265 1764 supplicibus

911 1774 1081 1806 Ductorem
1104 1771 1308 1803 Laurentium

956 1819 1010 1851 Ad
1034 1818 1182 1859 gaudium
1205 1816 1324 1853 salutis,

911 1867 935 1899 O
961 1875 1054 1905 quam
1078 1864 1155 1896 felix
1177 1862 1371 1902 martyrium,

912 1912 1001 1951 Quod
1025 1909 1176 1943 sunimum
1196 1909 1282 1949 parit
1297 1908 1454 1948 gaudium.

975 2043 1021 2075 In
1045 2044 1076 2075 2.
1102 2041 1318 2082 Vesperis.

1028 2125 1074 2152 Ad
1092 2124 1268 2161 Maguifieat.

872 2217 879 2224 .
908 2192 1108 2224 Exsultemus
1131 2192 1226 2223 hodie

957 2238 1056 2270 Simul
1081 2241 1112 2270 et
1137 2241 1305 2279 cantemus,

909 2286 1063 2326 Martyris
1088 2286 1239 2318 victoriae

955 2332 1014 2365 Pia
1037 2335 1110 2365 vota
1135 2333 1251 2369 demus,

1254 2383 1287 2413 16
