1651 2544
315 229 359 260 In
385 232 415 263 3.
441 231 499 264 No
512 237 671 271 oturno.

393 351 585 388 Antiphonae.

192 431 222 463 1.
248 433 356 465 Hostis
382 436 421 466 ab
447 437 608 470 obstaculo

297 480 391 520 Virgo
418 486 639 525 contremiscit,

248 526 408 565 Absorpta
434 530 592 569 signaculo

296 573 406 605 Crucis
432 576 600 609 reviviscit.

189 648 220 679 2.
247 646 373 686 Signum
400 649 595 682 salutiferum

294 693 375 725 Vere
400 699 447 726 est
470 697 606 737 beatum,

246 740 306 771 Per
331 741 390 772 hoc
415 751 469 773 ens
493 743 687 776 mortiferum

291 787 386 826 Fugit
411 793 601 827 superatum.

187 861 216 892 3.
243 860 373 892 Hostem
400 863 487 902 virgo
513 863 639 896 Domini

288 907 425 947 Raptum
449 918 508 947 per
533 912 681 949 capillum

242 954 334 991 Quasi
361 963 470 993 parem
495 956 612 987 homini

284 1001 360 1039 Iugo
387 1002 489 1032 calcat
512 1003 608 1033 illum.

368 1121 573 1157 Responsoria.

184 1205 210 1235 l.
236 1205 288 1235 Ad
313 1206 450 1238 tribunal
475 1212 677 1245 praesentata

278 1251 396 1282 Iudicis
421 1254 582 1291 potentiae

234 1297 371 1336 Capitali
395 1299 535 1331 iudicata

280 1343 432 1375 subditur
453 1348 635 1386 sententiae,

164 1390 199 1422 V.
227 1389 311 1421 Fusa
334 1399 430 1429 prece
456 1393 619 1431 decollata,

232 1436 341 1468 Caelos
366 1438 491 1469 scandit
514 1439 655 1471 laureata

282 1483 392 1515 Custos
417 1484 623 1520 innocentiae.

171 1558 201 1588 2.
227 1556 323 1597 Haec,
350 1560 385 1589 ut
408 1562 496 1598 gesta
517 1568 566 1591 res
592 1562 749 1602 explanat,

274 1604 389 1644 Fulget
413 1606 613 1649 adminiculo,

228 1649 347 1689 Corpus
373 1652 438 1683 eius
462 1655 577 1685 tactum
605 1658 696 1687 sanat

273 1697 386 1729 Omnes
411 1708 430 1729 a
454 1700 611 1742 pericu103

156 1743 193 1773 V.
224 1743 301 1774 Sunt
326 1745 456 1784 obsessi,
482 1749 555 1777 sunt
578 1750 739 1789 contracti,

225 1789 304 1821 Sunt
328 1792 492 1823 haerentes
517 1794 585 1824 sani
610 1794 686 1826 facti

272 1836 404 1868 Funeris
429 1839 586 1872 lecticulo.

166 1913 197 1944 53.
224 1912 347 1943 Laudet
372 1921 405 1943 os
432 1913 608 1945 dilectionis

269 1959 369 1990 Deum
396 1968 466 1991 cum
491 1959 675 2001 frequentia,

221 2006 279 2044 Qui
306 2009 353 2037 est
377 2006 477 2037 trinus
501 2007 535 2038 in
560 2011 711 2049 personis,

268 2052 357 2085 Unus
381 2053 413 2084 in
440 2054 584 2091 essentia,

152 2100 188 2131 V.
218 2100 287 2139 Qui,
313 2103 349 2130 ut
374 2100 454 2131 ditet
478 2105 601 2132 sanctos
631 2103 720 2134 donis

217 2146 261 2177 Et
284 2156 341 2178 nos
366 2147 468 2178 salvet
492 2148 540 2178 his
566 2150 718 2189 patronis,

264 2192 379 2226 Affluit
403 2194 578 2226 clementia.

795 146 862 182 285
910 167 954 173 --

1039 245 1097 276 Ad
1121 245 1297 281 Laudes.

1060 317 1253 354 Antiphonae.

866 373 896 404 1.
923 372 1063 414 Carnem,
1088 376 1247 415 mundum,
1275 378 1453 409 daemonem

966 421 1055 452 Vicit
1077 421 1270 460 Margareta,

921 466 1001 498 Tota
1023 468 1122 498 sancti
1146 469 1274 508 spiritus

967 513 1098 544 Munere
1122 515 1252 552 repleta.

864 558 894 589 2.
920 558 1020 589 Huius
1047 560 1224 598 deprecatio

967 605 1032 636 Deo
1058 608 1104 636 est
1128 609 1266 648 accepta,

920 650 998 688 Quia
1020 660 1147 690 precum
1171 653 1250 684 ratio

968 698 1047 728 Vota
1071 701 1117 729 est
1141 699 1266 737 adepta.

863 752 894 782 3.
920 751 1030 783 Tantis
1055 752 1152 793 signis
1179 754 1289 785 claruit

963 799 1029 829 Ista
1054 800 1127 830 data
1149 801 1227 838 neci,

917 844 961 875 Ut
985 853 1042 883 per
1066 854 1132 876 eam
1157 847 1235 877 salvi
1259 847 1322 876 sint

963 891 1054 930 Muti,
1080 892 1177 930 surdi,
1207 893 1299 923 caeci.

858 946 889 976 4.
916 944 1092 983 Spiculator
1116 948 1237 986 virgine

958 991 1052 1022 Dolet
1072 992 1246 1032 interfecta,

913 1036 1031 1068 Dolens
1055 1047 1089 1069 se
1113 1038 1262 1070 interficit

957 1083 1000 1114 Et
1023 1083 1060 1114 fit
1084 1094 1158 1123 pars
1182 1086 1315 1116 adiecta.

852 1140 882 1169 5.
908 1138 1032 1170 Laudet
1057 1139 1173 1171 Christi
1198 1144 1367 1179 martyrem

955 1184 1073 1216 Chorus
1100 1187 1289 1226 angelorum.

908 1232 986 1269 Quia
1009 1233 1137 1271 supplet
1160 1242 1319 1265 numerum

957 1277 1105 1309 Defectus
1131 1288 1247 1312 eorum.

1021 1351 1065 1378 Ad
1094 1352 1274 1379 Benedictus.

832 1407 871 1438 A.
903 1407 990 1438 Haec
1015 1413 1062 1440 est
1086 1409 1173 1447 virgo
1198 1410 1344 1449 gratiosa,

903 1454 988 1491 Quae
1013 1455 1128 1486 virtute
1152 1454 1310 1487 fructuosa

949 1500 985 1531 In
1010 1502 1124 1532 mundo
1150 1503 1307 1541 militavit,

901 1546 983 1578 Nam
1006 1551 1042 1577 ut
1066 1548 1149 1578 salus
1174 1549 1214 1579 sit
1239 1549 1271 1579 in
1297 1549 1398 1587 domo,

901 1592 950 1623 Ne
973 1597 1120 1625 nascatur
1145 1595 1274 1626 claudus
1299 1596 1399 1635 homo,

945 1640 974 1671 A
997 1640 1065 1671 Deo
1089 1641 1279 1680 impetravit.

968 1743 1013 1774 In
1038 1744 1069 1776 2.
1098 1744 1306 1782 Vesperis.

1020 1816 1064 1842 Ad
1083 1816 1255 1850 Magnificat.

825 1872 865 1903 A.
899 1872 991 1911 Virgo
1018 1872 1146 1915 Christi,
1173 1874 1297 1907 Christo
1323 1884 1405 1908 cara,

897 1919 983 1949 Inter
1009 1919 1083 1950 Sion
1113 1921 1213 1951 claras
1239 1922 1332 1962 clara,

896 1965 971 2003 Nos,
999 1975 1059 2004 quo
1086 1967 1196 2006 clares,
1223 1966 1311 2007 fungi
1335 1977 1414 2007 para

944 2011 1104 2044 Claritatis
1129 2014 1274 2054 speculo3

895 2060 990 2096 Quam
1018 2060 1122 2099 clegit,
1149 2069 1240 2100 quam
1265 2062 1390 2103 amavit,

893 2105 939 2136 Te
964 2106 1108 2137 columba
1132 2107 1274 2139 visitavit

893 2152 937 2183 Et
960 2152 1084 2184 beatam
1108 2155 1321 2194 praesignavit

940 2198 1135 2238 Sempiterno
1159 2202 1294 2233 saeculo.

222 2266 341 2302 Antiph.
361 2276 413 2295 ms.
429 2268 687 2305 Cranenburgense
706 2279 728 2297 S.
749 2272 822 2306 sign.
843 2280 916 2299 saec.
933 2271 976 2299 15.
989 2288 1027 2292 —
1047 2274 1090 2301 Zu
1102 2274 1197 2302 fehlen
1208 2275 1321 2302 scheint
1335 2274 1356 2301 Α
1372 2276 1440 2304 odm-

145 2303 191 2330 ΑΛ
213 2313 299 2339 super
319 2306 447 2333 Psalmos
472 2308 503 2333 in
532 2304 556 2333 1.
577 2307 727 2342 Vesper-is,
756 2308 792 2335 da
817 2310 848 2336 in
868 2310 918 2336 der
938 2311 1126 2339 Handschrift
1146 2314 1193 2339 ein
1214 2313 1293 2339 Blatt
1311 2312 1371 2344 (fol.
1393 2312 1439 2343 34]

142 2342 223 2369 fehlt.
262 2342 297 2369 In
318 2340 343 2369 1.
357 2343 444 2379 Vesp.
464 2344 536 2371 wird
557 2346 605 2372 ein
625 2345 757 2380 Hymnus
777 2347 818 2374 In
842 2349 1039 2376 trinitatis
1058 2351 1206 2377 nomine
1226 2351 1368 2387 eer'ihnt,
1389 2352 1439 2380 der

144 2379 317 2408 unbekannt
335 2380 456 2408 seheint.
