1650 2542
230 224 267 255 V.
299 224 417 256 Tensus
445 229 479 258 ut
501 226 533 257 in
558 226 697 266 patibulo

345 270 451 302 Crucis
476 272 546 304 Iesu
570 273 722 313 supplicio

389 317 476 349 Passi
503 318 739 358 configurantur.

358 400 403 430 In
429 402 459 433 3.
487 401 710 435 Nocturno.

435 473 624 508 Antiphonae.

239 528 264 560 1,
296 528 355 559 Cor
379 529 481 559 verbis
506 530 700 568 evangelicae

339 573 508 606 Confirmat
530 576 671 607 iectionis

288 620 482 659 Proponens,
507 623 542 651 ut
566 622 737 653 dominicae

336 665 383 696 Sit
407 674 531 698 consors
556 668 717 706 passionis.

233 724 263 751 2.
290 720 411 759 Pacem,
437 721 567 752 salutem
591 723 751 761 praedicat

335 765 474 805 Sigillum
501 768 576 799 dans
601 769 711 800 salutis

286 811 330 842 Et
354 813 452 843 crucis
477 814 556 844 viam
580 814 700 845 indicat

332 858 487 889 Praebens
511 869 648 891 normam
673 862 807 894 virtutis.

229 913 258 943 3.
285 912 330 944 Ut
354 913 440 944 novis
467 913 581 945 Christi
604 916 720 947 semitis

329 958 418 989 Viam
442 960 525 990 vitae
547 963 741 1004 monstravit,

280 1003 373 1042 Signo
399 1006 498 1036 crucis
523 1009 554 1037 et
577 1008 695 1039 meritis

328 1050 457 1081 Hostem
481 1055 619 1083 nostrum
641 1055 819 1093 pr·ost1avit.

414 1123 614 1159 Responsoria.

224 1178 253 1209 1.
278 1177 359 1209 Dum
385 1188 476 1211 orans
502 1182 601 1212 cernit
624 1182 751 1214 aethera

280 1224 435 1255 Christum
464 1227 572 1257 videns
596 1228 628 1258 in
653 1237 727 1260 aera

323 1270 413 1301 More
437 1272 556 1311 Seraph
579 1274 713 1314 insolito,

282 1315 342 1346 Hic
365 1325 484 1360 manus,
510 1319 607 1357 pedes
631 1328 736 1360 opera,

281 1360 376 1392 Latus
398 1366 504 1402 portat
528 1367 559 1395 et
581 1366 702 1397 viscera

326 1407 387 1438 Dei
410 1409 551 1441 transfixi
577 1412 691 1452 digito3

211 1451 247 1484 V.
277 1453 347 1484 Iesu
374 1453 504 1495 Christe,
529 1465 586 1495 per
610 1459 739 1490 vulnera

276 1498 437 1531 Francisci
461 1505 567 1534 nostra
591 1504 709 1536 scelera

276 1545 374 1576 Nobis
398 1547 506 1579 laxans
530 1558 585 1580 nos
610 1550 710 1582 libera

324 1592 480 1625 Aeternae
503 1596 611 1627 mortis
638 1597 752 1629 debito.

219 1646 249 1675 2.
275 1645 323 1676 De
346 1651 449 1679 monte
475 1649 535 1680 Dei
559 1652 688 1690 mystico

319 1692 461 1726 Perfecto
486 1696 562 1735 legis
587 1700 726 1736 tempore

364 1739 476 1772 Mundi
485 1743 678 1781 perlustrans
688 1745 814 1776 climata

272 1783 471 1817 Descendens
496 1786 557 1819 fert
581 1789 710 1821 mirifico

318 1830 437 1870 Seraph
461 1833 613 1872 impressa
637 1844 731 1875 opere

339 1878 411 1909 Iesu
433 1879 465 1910 in
491 1888 582 1912 carne
605 1882 767 1922 stigmata3

196 1921 234 1953 V
272 1922 347 1962 Igne
371 1924 484 1956 ardens
508 1928 700 1968 prophetico,

269 1967 361 2008 Signo
387 1971 506 2003 clarens
533 1973 641 2006 deifico

313 2015 426 2048 Divino
450 2019 558 2057 prodit
580 2029 707 2052 munere

360 2062 444 2094 Mira
469 2064 528 2095 Dei
553 2066 749 2102 charismata.

351 2136 366 2167 I
375 2147 394 2167 11
420 2139 447 2169 L
457 2147 475 2169 a
483 2148 504 2169 u
514 2139 582 2171 dib
592 2150 612 2171 u
621 2150 646 2174 5.

405 2201 595 2236 Antiphonae.

207 2255 236 2288 1.
263 2254 393 2287 Sanetus
417 2257 603 2291 Fianciscus
628 2263 763 2301 praeviis

263 2300 370 2333 Crucis
396 2304 497 2335 clarus
521 2314 573 2345 111)
575 2308 678 2339 steriis

304 2348 385 2380 Dum
411 2350 525 2383 Christi
549 2353 707 2399 gloriatur,

842 134 979 169 44-

961 228 997 260 In
1024 237 1114 261 cruce
1137 239 1216 263 novo
1240 240 1367 264 munere

960 274 1042 307 Miro
1068 277 1192 308 virtutis
1217 287 1312 317 opere

1008 322 1131 354 Christo
1155 323 1373 364 configuratur.

902 396 932 428 2.
957 395 1018 426 Hic
1041 397 1253 435 praedicando
1276 400 1394 430 monuit

958 441 1176 482 Christumque
1199 453 1323 482 passum
1352 446 1466 487 docuit,

1006 490 1102 526 Quem
1127 490 1226 521 solum
1251 499 1285 521 se
1309 492 1398 523 sitire

955 533 999 564 Et
1022 543 1098 565 voce
1123 535 1236 567 clamat
1260 537 1368 569 sitiens

957 579 1123 620 Crucisque
1149 580 1283 613 fructum
1309 584 1436 623 cupiens

1001 627 1137 658 Conatur
1164 629 1314 667 reperire.

898 700 927 731 3.
954 698 1032 729 Tres
1057 700 1182 731 ordines
1207 702 1259 733 hic
1282 704 1401 742 statuit,

954 745 1060 777 C1ucis
1088 746 1158 777 dum
1184 747 1276 778 iussis
1302 749 1415 780 claruit

998 791 1083 822 Petri
1105 801 1235 831 sequens
1263 796 1446 838 exemplum,

951 836 1003 868 Sic
1027 838 1089 868 tria
1112 839 1315 872 tabernacula

951 882 1013 914 Sub
1039 884 1122 915 trina
1146 884 1281 917 fundans
1304 889 1412 927 regula

995 929 1135 968 Reparat
1158 931 1225 963 Deo
1250 934 1410 972 templum.

892 1003 923 1034 4.
949 1002 1049 1034 Datus
1076 1004 1237 1036 doctrinae
1260 1006 1399 1046 spiritus,

949 1049 1071 1080 Virtute
1097 1050 1204 1081 doctus
1231 1052 1370 1092 caelitus,

992 1095 1093 1126 Docet
1116 1097 1216 1128 crucis
1241 1099 1397 1137 virtutem,

948 1140 1055 1172 Crucis
1079 1142 1166 1182 signo
1191 1143 1321 1176 mirifico

945 1187 1036 1227 Viget
1059 1191 1130 1219 actu
1154 1189 1293 1221 salvifico

991 1233 1177 1273 Cunctisque
1202 1236 1256 1267 dat
1279 1240 1420 1272 salutem.

891 1307 922 1339 5.
947 1306 1093 1339 Laudans
1117 1309 1247 1341 laudare
1272 1312 1409 1351 cupiens,

947 1352 1063 1384 Vivens
1089 1355 1179 1386 etiam
1206 1357 1341 1388 moriens

993 1398 1109 1431 Christi
1133 1402 1280 1434 virtutem
1306 1405 1417 1444 crucis,

943 1444 1024 1476 Dum
1054 1448 1232 1479 cancellatis
1257 1449 1393 1481 brachiis

945 1490 997 1522 Sic
1020 1491 1207 1525 benedicens
1231 1494 1305 1526 filiis

987 1538 1101 1570 Tendit
1125 1540 1165 1571 ad
1189 1549 1317 1580 regnum
1342 1543 1430 1576 lueis,

1052 1648 1097 1675 Ad
1120 1650 1300 1678 Benedictus.

869 1711 908 1742 A.
939 1711 962 1743 O
987 1715 1106 1752 martyr
1133 1715 1299 1757 desiderio,

939 1758 1116 1799 Francisce‚
1147 1765 1261 1801 quanto
1285 1765 1388 1797 studio

987 1804 1185 1845 Compatiens
1210 1809 1292 1841 hunc
1316 1813 1466 1853 sequeris,

984 1852 1077 1890 Quem
1102 1863 1229 1893 passum
1250 1856 1332 1888 libro
1349 1860 1479 1902 reperis,

1075 1899 1170 1938 Ouem
1195 1905 1303 1942 aperto
1328 1905 1457 1948 scivisti,

936 1943 983 1974 ’111
1013 1948 1159 1978 contuens
1183 1948 1216 1978 in
1240 1957 1314 1980 aere

983 1990 1102 2030 Seraph
1127 1994 1160 2024 in
1186 2002 1277 2026 cruce
1300 1997 1437 2034 positum

934 2036 1061 2068 Extunc
1084 2039 1116 2070 in
1140 2040 1263 2080 palmis,
1289 2042 1389 2074 latere

1016 2083 1058 2114 Et
1084 2085 1215 2125 pedibus
1241 2086 1376 2128 effigiem

1054 2130 1118 2162 Fer
1120 2140 1173 2163 ens
1178 2133 1341 2174 plagarum
1347 2135 1477 2178 Christi3

933 2175 979 2206 Tu
1004 2177 1090 2216 gregi
1114 2180 1167 2209 tuo
1191 2181 1334 2223 provide,

977 2222 1035 2260 Qui
1062 2226 1135 2261 post
1159 2223 1283 2257 felicem
1308 2230 1474 2262 transitum

932 2267 1023 2299 Clare
1046 2270 1133 2308 prius
1157 2280 1195 2302 ac
1217 2273 1325 2305 vivide

1022 2314 1223 2350 Glorificatzie
1247 2322 1383 2360 speciem

1070 2362 1178 2395 Carnis
1202 2369 1419 2404 praetendisti.
