1650 2542
132 2314 156 2326 ¹*-

704 118 864 155 —269
913 141 957 145 —

201 211 232 242 2.
261 209 409 243 Sanctum
434 214 520 244 tuum
545 215 735 253 praevenisti

303 258 498 290 Benedicens
525 260 659 292 dulciter

255 303 297 335 Et
323 305 364 335 ad
388 313 485 344 regna
508 308 702 345 promovisti,

301 350 374 382 Iesu
398 359 464 394 rex,
492 352 677 387 sublimiter.

197 425 228 457 3.
256 424 359 456 Corde
383 426 516 457 mundus
542 429 574 457 et
598 437 696 466 opere

301 472 455 503 Ascendit
479 473 556 504 caeli
582 477 735 513 montem,

256 517 309 548 Ad
334 526 425 556 quem
450 520 591 557 pervenit
617 529 763 562 propere,

305 565 350 597 Ut
375 564 465 595 bibat
487 565 571 597 vitae
595 565 721 598 fontem.

400 685 604 720 Responsoria.

205 761 233 790 1.
259 760 426 791 Exaltatus

302 806 343 837 ad
368 806 561 847 pontificium

257 852 297 884 Se
323 853 439 884 deiecit

305 901 340 930 ut
363 908 457 931 verus
481 899 617 941 humilis,

257 945 424 976 Debilibus

305 992 460 1032 praebens
485 992 674 1034 obsequium,

261 1039 396 1070 Pascens
422 1047 473 1069 eos

307 1085 450 1124 benignis
475 1084 593 1123 epulis;

190 1131 226 1162 V.
257 1130 407 1170 Magnum
428 1134 534 1162 mente

305 1178 402 1208 sumit
425 1177 570 1207 solatium

258 1221 371 1254 Solans
395 1223 456 1262 piis

305 1270 446 1309 leprosos
471 1268 594 1299 osculis.

201 1347 234 1378 2.
260 1345 407 1377 Lucerna
427 1344 535 1375 lucens

307 1399 402 1429 super
427 1389 650 1421 candelabrum

262 1437 431 1476 Dignitatis

305 1484 384 1514 mire
408 1482 613 1522 resplenduit,

259 1531 402 1569 Aequum
423 1538 517 1561 manu

304 1579 414 1608 tenens
438 1575 647 1607 ventilabrum

258 1624 322 1655 Pro
346 1622 467 1653 meritis

306 1670 461 1709 condigna
484 1668 605 1710 tribuit,

185 1717 224 1748 V.
257 1717 345 1748 Intus
370 1716 494 1758 ardens,

303 1763 473 1802 splendens
498 1762 539 1793 ad
564 1761 742 1800 proximum

257 1810 356 1841 Recte
379 1810 481 1840 locum

304 1855 448 1895 magistri
471 1855 580 1887 tenuit.

199 1933 230 1964 3.
257 1930 375 1963 Christi
400 1937 508 1961 servus
531 1929 723 1968 pauperibus

257 1977 362 2009 Servit
384 1975 474 2007 flexis
499 1975 676 2015 poplicibus

304 2023 398 2056 Cibos
424 2023 468 2054 eis
493 2023 636 2064 adponit,

255 2072 380 2111 Aquam
406 2070 484 2102 dans
509 2068 637 2108 plantis,
662 2068 804 2099 manibus

258 2118 334 2149 Cum
360 2116 476 2149 osculis
502 2115 673 2147 humilibus

295 2164 335 2196 In
360 2164 491 2203 pulvere
512 2172 547 2194 os
570 2162 677 2202 ponit3

186 2211 222 2244 V.
252 2212 326 2243 Iesu
350 2210 436 2250 passi
460 2209 642 2242 vulneribus

255 2258 373 2289 Mentis
397 2256 561 2296 impressis
585 2256 728 2287 sensibus

255 2304 422 2343 Despectis
447 2304 518 2335 altis
544 2303 685 2335 omnibus

302 2351 340 2382 ln
364 2350 433 2381 imis
458 2359 493 2382 se
517 2350 656 2391 deponit.

1026 215 1072 245 In
1096 214 1308 246 Laudibus

1068 296 1194 332 Antipho
1197 304 1250 323 nae
1255 316 1261 322 .

898 390 905 396 .
931 363 1048 394 Domus
1075 362 1247 401 sapientiae

977 409 1127 440 Firmiter
1149 407 1290 447 fundata,

931 455 1091 487 Ludovico
1116 455 1234 494 gratiae

977 501 1067 533 Dono
1093 501 1317 539 commendata,

933 546 1097 578 Perfectae
1120 547 1258 578 iustitiae

978 594 1076 624 Donis
1102 595 1150 624 est
1173 596 1293 626 ornata.

901 675 908 682 .
934 649 1005 680 Iesu
1032 649 1130 680 dulcis
1157 648 1290 679 dulciter

980 694 1116 726 Gustans
1140 694 1311 725 bonitatem

930 741 1046 772 Iubilat
1069 740 1205 771 feliciter

977 787 1021 818 Et
1041 787 1258 818 aeternitatem

933 834 1058 865 Intrans
1082 833 1278 872 integraliter

978 879 1088 911 Noscit
1112 879 1283 911 veritatem.

900 960 906 967 .
934 934 1087 974 Vigilavit
1112 934 1278 973 diligenter

977 981 1094 1012 Horam
1120 980 1226 1019 sponsi
1251 988 1403 1019 neSclenS,

932 1027 1103 1058 Laboravit
1126 1026 1325 1057 vehementer

977 1072 1030 1103 Ad
1054 1075 1096 1112 te,
1120 1072 1217 1111 Deus,
1243 1073 1361 1110 sitiens,

931 1119 1026 1157 Quem
1051 1118 1147 1149 traxit
1170 1118 1211 1149 ad
1237 1126 1270 1148 se
1293 1121 1439 1156 potenter

979 1165 1086 1197 Virtus
1110 1163 1301 1196 indeficiens.

897 1245 904 1252 .
930 1220 1102 1251 Benedicte
1125 1220 1267 1261 Domine,

978 1268 1024 1298 Te
1047 1266 1284 1297 benedicentem

932 1313 1107 1351 Replevisti
1130 1313 1259 1352 lumine,

979 1359 1045 1396 Quo
1069 1361 1123 1389 tuo
1147 1358 1301 1389 fruentem

931 1404 1097 1436 Perfecisti
1120 1406 1256 1436 numine.

899 1486 906 1492 .
932 1460 1111 1492 Ludovicus
1135 1460 1302 1492 Dominum

976 1507 1132 1538 Laudavit
1155 1507 1189 1537 in
1213 1515 1328 1546 organo

1024 1553 1157 1584 Sanctae
1180 1553 1344 1591 melodiae,

932 1599 1023 1631 Vitae
1048 1608 1176 1630 cernens
1200 1602 1375 1637 terminum,

978 1646 1086 1678 Crucis
1110 1646 1241 1677 haerens
1266 1649 1413 1687 tympano

1024 1692 1151 1724 Studuit
1174 1693 1313 1732 sophiae.

1047 1775 1092 1802 Ad
1110 1775 1291 1802 Benedictus.

897 1860 904 1866 .
935 1833 1113 1865 Ludovicus

979 1889 997 1910 a
1020 1882 1111 1918 patre
1136 1880 1286 1912 luminum

931 1926 1026 1958 Lucis
1052 1926 1165 1957 donum

976 1972 1092 2003 mundo
1117 1973 1274 2016 tribuitur,

933 2019 1024 2050 Vitae
1048 2022 1150 2052 custos

978 2066 1129 2097 bonorum
1154 2067 1287 2099 omnium

930 2112 1093 2144 Ecclesiae

981 2160 1073 2199 digne
1097 2160 1297 2200 praeficitur3

933 2206 998 2237 Nos
1024 2211 1164 2239 errantes

978 2261 1035 2292 per
1057 2255 1167 2286 mundi
1192 2254 1314 2286 devium

932 2300 1043 2331 Secum
1066 2301 1158 2341 locet,

978 2347 1032 2380 ubi
1055 2357 1139 2379 nunc
1163 2347 1288 2380 fruitur.
