1650 2542
680 126 908 161 -59-.-

190 242 195 248 .
222 219 259 250 In
285 222 393 250 saneto
417 222 522 250 monte

267 265 394 297 Domini
416 266 588 306 praedigne
612 268 751 309 quiescit,

223 311 282 350 Qui
305 312 393 342 nulla
416 310 521 343 fronte

267 357 337 389 vitii
362 366 419 390 ceu
442 358 536 389 sorde
559 359 701 397 tepescit.

192 448 200 456 .
224 423 261 454 In
286 422 403 454 virtute
426 424 490 460 tua,

268 468 364 506 Deus,
391 469 549 499 exsultans
567 468 765 500 vehementer

223 515 338 554 Fulget
361 517 514 553 perpetua

277 561 403 592 deitatis
427 562 497 592 luce
523 561 678 592 decenter.

357 662 560 697 Responsoria.

188 755 195 761 .
222 728 381 760 Praesidis
406 728 446 759 ad
471 730 545 759 vota

271 774 321 805 die
341 776 436 806 tertia
459 776 562 805 mente
588 774 700 805 devota

225 821 302 853 Orat
325 823 491 859 praesente

272 867 398 905 templo,
423 875 484 897 non
505 865 633 896 credula
650 867 762 903 mente,

185 936 193 944 .
223 914 310 952 Quod
336 921 421 951 gens,
447 911 563 950 fanum,
590 911 635 941 dii

272 959 415 998 perirent
439 958 587 997 voragine
610 956 727 988 mundi.

193 1048 200 1055 .
226 1023 344 1054 Videns
368 1023 495 1053 insanus

272 1078 306 1100 se
333 1069 474 1100 delusum
497 1068 665 1107 Dardanus,

224 1115 349 1155 Martyr
373 1115 459 1154 equis
482 1115 618 1146 trahitur

275 1164 307 1192 et
331 1161 514 1193 decollando
540 1161 660 1201 beatur,

187 1233 194 1240 .
224 1208 352 1248 Ignibus
377 1207 497 1239 aeterni

270 1263 397 1293 praeses
420 1254 564 1285 sorbetur
588 1253 717 1285 Averni.

195 1346 201 1352 .
228 1320 252 1351 O
277 1319 366 1349 miles
393 1318 518 1358 Christi,

273 1365 327 1405 qui
351 1365 453 1396 caelos
479 1366 578 1397 victor
601 1366 697 1405 ivisti,

226 1411 291 1443 Nos
315 1411 466 1443 salvatori

273 1457 464 1496 commenda,
490 1459 598 1488 sancte
622 1456 726 1496 Geori,

188 1530 195 1536 .
227 1503 271 1536 Ut
295 1504 378 1535 mala
401 1504 571 1542 vincamus,

272 1559 329 1581 nos
356 1550 479 1581 Christo
510 1558 765 1581 commaneamus.

321 1690 368 1721 In
391 1689 620 1721 Laudibus.

363 1791 555 1827 Antiphonae.

191 1886 198 1893 .
224 1859 287 1890 Hic
310 1860 528 1890 testamentum

272 1905 339 1937 Deo
363 1905 513 1936 credibile
538 1903 625 1946 fecit,

228 1952 305 1985 Cum
328 1961 391 1983 non
418 1950 534 1983 defecit

278 2000 311 2030 in
336 1999 498 2030 tormentis
523 1997 699 2029 ferientum.

172 2066 203 2097 2.
229 2064 378 2096 Exsultat
400 2063 535 2095 iubilans

275 2120 406 2151 regnum
437 2111 571 2143 caeleste
594 2109 774 2142 subintrans

892 220 1017 252 Iuvenis
1039 228 1106 250 cum
1132 219 1255 251 Christo

935 266 1049 297 mundo
1074 265 1214 297 sublatus
1238 266 1277 297 ab
1301 266 1373 299 isto.

833 351 864 383 3.
890 349 1028 381 Perdere
1051 357 1120 380 cum
1145 352 1299 388 quaerunt

936 395 1070 426 animam
1095 398 1243 434 sanctam,
1269 396 1430 427 subierunt

892 441 1004 474 Infima
1027 444 1180 472 terrarum

938 488 994 519 sub
1019 487 1160 519 faucibus
1183 487 1396 522 orcicolarum.

860 595 868 602 .
893 571 1086 609 Hymnizans
1109 571 1189 601 vixit

937 625 1120 656 semperque
1144 617 1246 649 Deum
1270 617 1434 648 benedixit

891 663 1093 703 Impetrando
1116 663 1202 703 piam

939 708 1131 748 supplicibus
1156 710 1288 741 veniam.

895 792 947 823 Sic
971 800 1039 822 cum
1064 792 1157 823 laude
1182 792 1242 823 Dei

941 846 1071 877 superos
1098 838 1226 869 devotus
1252 839 1356 877 adivit-2

891 884 935 915 Et
957 884 1128 922 spondetur
1153 885 1181 914 ei

941 928 1020 968 fieri,
1046 930 1132 960 velut
1155 930 1225 968 ipse
1248 931 1370 970 petivit.

1005 1038 1050 1065 Ad
1070 1038 1251 1066 Benedictus.

855 1138 862 1145 .
892 1113 1019 1152 Martyr
1043 1116 1150 1144 sancte
1173 1113 1242 1156 Dei,

937 1168 994 1190 nos
1018 1158 1133 1190 inferto
1157 1161 1286 1200 requiei,

896 1206 953 1238 Cui
977 1214 1059 1237 nunc
1084 1206 1229 1237 addictus

941 1260 983 1294 es,
1009 1261 1080 1283 nam
1106 1253 1164 1283 tibi
1188 1253 1370 1284 benedictus

896 1298 998 1330 Cornu
1023 1299 1148 1330 virtutis

943 1348 1085 1376 erexerat
1109 1348 1203 1384 atque
1226 1346 1346 1385 salutis,

893 1391 939 1423 Ut
963 1394 1071 1422 contra
1095 1391 1159 1422 tela

941 1437 1044 1469 zabuli
1068 1438 1111 1468 sis
1137 1441 1246 1469 nostra
1268 1438 1398 1470 medela.

959 1596 1004 1627 In
1029 1598 1060 1628 2.
1086 1596 1301 1637 Vesperis.

1007 1697 1052 1724 Ad
1070 1696 1249 1732 Magnificat.

859 1808 866 1815 .
899 1782 923 1813 O
948 1783 1144 1814 sanctissime

942 1829 1058 1862 Christi
1083 1830 1203 1861 athleta
1226 1830 1330 1870 Geor1,

893 1876 960 1908 Nos
984 1875 1116 1908 famulos
1140 1879 1210 1908 tuos

945 1923 986 1954 ad
1011 1926 1044 1954 te
1068 1923 1237 1954 clamantes
1263 1924 1386 1964 exaudi,

899 1969 945 2001 Ut
964 1969 1027 2001 tuis
1050 1970 1198 2009 precibus
1223 1971 1321 2002 sacris

947 2025 966 2047 a
990 2016 1109 2048 cunctis
1134 2017 1224 2048 malis
1249 2018 1361 2049 muniti

899 2063 1046 2095 Paradisi
1069 2064 1258 2095 amoenitate

945 2118 1120 2142 mereamur
1142 2109 1215 2143 frui.

231 2176 315 2202 Brev.
347 2183 399 2202 ms.
418 2175 600 2202 Voraviense
626 2181 700 2200 saec.
727 2171 770 2200 15.
805 2173 874 2200 Cod.
892 2174 1047 2201 Voravien.
1073 2172 1137 2202 268.
1166 2189 1204 2193 —
1230 2175 1270 2202 In
1292 2174 1316 2202 1.
1337 2174 1440 2211 Vesp.

160 2213 253 2248 Super
279 2212 328 2239 Ps.
355 2210 385 2245 Α,
406 2210 424 2239 2
449 2213 560 2239 thronis
585 2212 774 2246 martyrizati.
795 2225 831 2229 —
855 2211 898 2238 In
924 2209 947 2238 1.
968 2212 1068 2239 Noct.
1097 2210 1116 2237 Β
1142 2209 1168 2245 3,
1189 2210 1207 2238 5
1234 2212 1325 2245 Quod.
1347 2228 1383 2232 -—
1401 2214 1441 2240 In

157 2249 182 2277 2.
203 2251 312 2277 Noct.
334 2247 354 2274 Β
383 2247 407 2282 1,
430 2248 447 2276 6
473 2249 670 2285 cardine-sque.
697 2262 734 2267 —
762 2246 782 2274 Β
808 2246 833 2282 2,
853 2246 871 2274 2
897 2247 1026 2283 inseptis.
1048 2264 1082 2270 —
1103 2250 1145 2276 In
1164 2247 1191 2276 3.
1210 2250 1311 2277 Noct.
1332 2248 1352 2275 Β
1378 2248 1402 2284 1,
1422 2249 1442 2277 4

161 2287 278 2323 templa.
300 2301 332 2304 —
354 2284 374 2312 Β
398 2285 422 2320 1,
443 2285 460 2313 5
480 2295 596 2314 vanum.
615 2301 653 2305 —
672 2286 713 2312 In
731 2285 839 2312 Laud.
861 2284 882 2311 Α
903 2283 929 2318 3,
950 2284 968 2312 2
987 2288 1143 2322 sopierunt.
1163 2301 1198 2305 —
1224 2285 1247 2313 Α
1269 2286 1295 2321 2,
1315 2286 1334 2315 4
1352 2288 1441 2315 horti-

160 2326 298 2353 cularum.
315 2338 345 2342 —
361 2323 404 2350 Ad
416 2324 523 2351 Bened.
541 2323 571 2358 Α,
590 2321 608 2349 2
628 2323 710 2350 infer.
730 2338 766 2342 --
779 2323 928 2356 Hymnen:
948 2323 983 2350 In
996 2324 1095 2359 Vesp.:
1115 2324 1228 2359 Max-tyr
1241 2326 1363 2360 egregie,
1378 2326 1440 2352 Deo

162 2363 266 2390 dilecte
285 2360 381 2396 (Mone
400 2361 452 2393 111,
475 2360 554 2396 316);
580 2360 617 2388 ad
635 2360 763 2387 Laudes:
790 2360 899 2387 Chorus
923 2368 1017 2387 novae
1035 2361 1193 2388 Ierusalem
1214 2360 1308 2395 (Anal.
1327 2362 1365 2396 11,
1387 2360 1441 2397 93).
