1650 2542
697 122 947 157 ——177-

250 205 409 241 Christum
446 214 563 251 templo
600 215 671 247 dum
704 218 790 250 vide-

569 260 653 305 bant,

295 299 442 340 Congaud
447 303 541 335 ebant
561 310 677 341 mutuo.

192 355 224 386 2.
247 355 341 386 Felix
360 357 567 398 oboedientia,

248 400 343 433 Cuius
370 403 467 437 virtus
494 407 606 439 eximia

293 447 420 481 Effulsit
444 451 636 486 incessanter

243 494 281 525 In
306 497 405 527 matre
431 500 524 537 atque
548 498 622 540 filio,

246 541 365 572 Parent
388 543 503 583 Ioseph
527 545 659 585 imperio

290 587 332 618 Et
359 590 499 621 serviunt
522 592 684 625 laetanter.

208 656 215 662 .
247 632 360 674 Ioseph
382 644 529 675 sponsam
555 643 721 672 veneratur

291 681 477 714 Ministrans
502 683 648 725 fideliter,

246 726 339 766 Virgo
365 737 480 768 sponso
504 729 683 773 famulatur,

291 773 368 806 Cum
398 778 471 807 nato
496 777 647 812 hilariter.

210 854 216 860 .
243 829 347 867 Salve,
373 831 499 871 Ioseph,
525 841 615 865 serve
638 835 764 876 Christi,

243 875 303 914 Qui
328 880 509 909 constanter
534 881 709 913 contrivisti

290 922 408 954 Dentes
435 925 674 967 detrahentium,

241 969 303 1000 Pro
327 969 432 1001 Maria
457 972 658 1013 respondisti,

243 1014 336 1046 Cuius
361 1020 525 1055 promptus
552 1018 720 1051 defendisti

292 1060 451 1094 Castitatis
475 1064 594 1104 lilium;

244 1106 330 1138 Deus
354 1117 490 1140 summus
515 1113 546 1141 te
571 1112 687 1143 amavit

240 1153 283 1184 Et
308 1156 339 1184 te
365 1154 491 1194 dignum
516 1157 693 1189 aestimavit

285 1199 381 1230 Suum
406 1201 643 1236 thesaurarium.

201 1269 207 1277 .
239 1244 354 1277 Confer
378 1247 477 1285 nobis,
504 1248 618 1288 Ioseph
642 1251 704 1290 pie,

283 1292 417 1324 Pudoris
441 1294 644 1338 signaculum,

236 1337 319 1370 Offer
347 1341 420 1371 nato
444 1349 500 1372 nos
525 1342 656 1382 Mariae,

283 1384 328 1418 Ut
353 1386 407 1416 det
429 1387 517 1425 pacis
542 1390 689 1422 osculum.

345 1497 405 1528 Ad
430 1498 603 1533 Laudes.

374 1570 567 1607 Antiphonae.

199 1651 205 1658 .
233 1627 322 1659 Stola
347 1628 468 1660 decoris
493 1630 596 1661 induit

281 1674 423 1706 Christus
452 1684 541 1707 suum
564 1679 730 1711 nutricium

231 1719 274 1750 Et
300 1724 475 1753 senatorem
499 1724 610 1755 statuit

279 1768 368 1799 Intra
393 1769 471 1799 caeli
495 1770 658 1808 palatium.

197 1847 203 1854 .
229 1822 343 1861 Ioseph
364 1823 397 1854 in
417 1824 570 1862 patientia

230 1867 366 1900 Servivit
390 1869 422 1901 in
445 1871 566 1902 laetitia

275 1914 365 1947 Uxor
389 1916 449 1948 sibi
475 1917 576 1957 datae,

229 1962 295 1993 Iam
321 1965 406 1993 astat
428 1963 541 1995 throno
566 1966 685 2003 gloriae

227 2008 272 2041 Et
296 2009 386 2041 videt
410 2010 496 2041 clara
519 2009 600 2042 facie

273 2055 374 2089 Deum
403 2056 435 2087 in
460 2057 632 2091 maiestate.

192 2138 199 2145 .
226 2111 471 2145 Promissionum
498 2114 643 2146 credulus

225 2158 362 2190 Messiae
385 2168 514 2199 regnum
539 2161 667 2193 sedulus

272 2204 405 2237 Sitiebat
435 2207 586 2240 dicendo:

224 2251 248 2283 O
274 2251 301 2282 si
320 2251 429 2283 vivens
453 2253 618 2293 inspiciam

225 2299 418 2337 Completam
443 2300 502 2332 Dei
527 2301 660 2341 gratiam

269 2345 314 2377 Et
335 2346 469 2385 psallam
496 2349 728 2388 congaudendo,

209 2403 334 2432 Dreves,
351 2403 470 2428 Historiae
483 2406 636 2434 rhythmicae.
665 2406 703 2431 VI.

862 221 891 251 4.
918 219 1051 251 Messias
1076 219 1108 250 in
1132 219 1274 260 infantia,

916 266 1065 298 Crescens
1090 268 1201 305 aetate,
1226 267 1336 306 gratia,

968 313 1044 344 Cum
1067 312 1181 353 Ioseph
1204 313 1367 353 habitavit,

921 359 1061 390 Tandem
1086 358 1175 389 bonis
1199 359 1345 398 operibus

921 405 1035 436 Plenus
1060 405 1173 444 Ioseph
1197 414 1264 436 cum
1286 406 1428 444 patribus

966 453 994 483 A
1020 451 1143 482 saeculo
1167 452 1321 491 migravit.

884 561 889 567 .
918 535 1027 568 Carnis
1051 537 1152 566 motus
1177 534 1369 567 refraenavit

916 582 1024 613 Hostis
1051 582 1137 613 dolos
1161 583 1322 620 superavit

964 627 1106 659 Perfecta
1130 628 1271 668 victoria,

916 676 953 707 In
978 674 1094 705 virtute
1120 677 1345 706 consummatus

916 716 1047 752 Sanctus
1072 729 1166 752 senex
1192 725 1357 753 cororatus

961 767 1090 798 Residet
1114 768 1145 798 in
1168 768 1275 806 gloria.

1037 889 1074 915 ,m
1093 888 1273 915 Benedictus.

877 999 884 1007 .
915 974 1025 1006 Custos
1049 972 1186 1003 thesauri
1212 972 1334 1012 regalis,

913 1018 1149 1057 Paranymphus
1173 1018 1333 1056 nuptialis,

958 1064 1126 1096 Eunuchus
1151 1072 1335 1103 puerperae,

915 1113 1008 1143 Pater
1034 1110 1148 1142 Christi
1173 1119 1235 1142 non
1260 1113 1380 1141 natura,

911 1158 974 1189 Sed
997 1166 1055 1196 pro
1079 1156 1238 1187 nutriendi
1263 1165 1346 1195 cura,

959 1204 1046 1235 Sicut
1069 1204 1198 1234 tradunt
1220 1203 1340 1242 literae,

912 1250 1044 1282 Gestans
1069 1253 1178 1288 typum
1202 1250 1422 1290 praelatorum,

909 1297 967 1336 Qui
992 1299 1065 1327 sunt
1088 1299 1194 1335 patres
1219 1296 1405 1335 populorum

955 1342 1128 1383 Sponsique
1153 1343 1303 1373 ecclesiae

907 1391 994 1422 Iuste
1017 1397 1122 1428 senex,
1149 1389 1241 1428 placa
1265 1397 1379 1429 regem,

907 1436 952 1469 Ut
977 1444 1046 1466 cum
1070 1438 1170 1467 matre
1196 1436 1289 1466 ducat
1313 1444 1436 1476 gregem

954 1483 1006 1514 Ad
1032 1482 1112 1515 ovile
1133 1482 1260 1522 gloriae.

975 1652 1019 1683 In
1044 1652 1075 1684 2.
1103 1651 1311 1690 Vesperis.

1021 1753 1065 1780 Ad
1084 1753 1260 1789 Magnificat.

864 1854 871 1861 .
900 1829 1014 1867 Ioseph
1039 1829 1224 1861 adcrescens
1249 1830 1331 1862 filius

904 1875 978 1907 Cum
1002 1876 1042 1906 sit
1068 1875 1186 1907 Christi
1209 1878 1361 1909 nutricius

948 1921 1002 1951 Fit
1025 1924 1116 1961 pater
1136 1923 1351 1964 plurimorum,

902 1967 1023 1999 Mariae
1043 1977 1176 2007 sponsus
1199 1970 1334 2014 inclitus,

902 2014 993 2046 Omni
1018 2014 1133 2046 virtute
1157 2017 1319 2055 praeditus

946 2060 1101 2101 Exempla
1124 2063 1256 2101 praebet
1278 2074 1408 2108 morum,

903 2107 1012 2140 Carnis
1041 2111 1142 2140 motus
1168 2109 1348 2153 refrenavit,

898 2154 1007 2186 Hostis
1032 2156 1118 2187 dolos
1143 2159 1304 2196 superavit

946 2200 1092 2234 Perfecta
1116 2203 1257 2244 victoria,

897 2248 933 2279 In
958 2248 1074 2280 virtute
1099 2255 1325 2284 consummatus

900 2294 1031 2327 Sanctus
1056 2305 1151 2328 senex
1178 2301 1342 2331 coronatus

943 2342 1075 2374 Residet
1097 2343 1130 2375 in
1154 2345 1261 2384 gloria.

1239 2409 1273 2438 12
