1650 2542
696 103 925 138 -91-

372 192 576 228 Responsoria.

204 267 210 274 .
237 245 372 278 Laetare
395 247 536 280 fidelium

284 293 394 325 Contio
421 295 543 335 devota,

237 338 359 371 Novum
385 339 437 372 fac
460 342 632 381 tripudium

282 385 377 417 Natio
402 388 575 427 Westgota,

236 431 378 463 Helenae
401 435 585 474 martyrium

282 478 406 510 Laudet
429 481 536 512 mundi
562 484 640 524 rota,

195 546 202 553 .
235 523 330 556 Cuius
354 534 413 564 per
436 527 585 558 mundum

282 571 403 603 clarent
426 573 577 605 miracula
600 579 684 608 nota.

201 651 208 658 .
233 627 322 658 Haec
346 630 395 659 est
416 629 525 660 Iudith
548 629 658 661 similis

283 673 375 705 Vitae
400 675 575 714 sanctitate,

234 719 374 751 Hesther
397 730 459 752 non
485 722 646 754 dissimilis

278 766 390 798 Vultus
414 771 586 808 venustate,

234 812 356 852 VerbiS,
383 812 475 845 factis
500 814 634 853 humilis,

279 859 406 890 Ardens
432 861 573 900 caritate,

193 930 200 937 .
230 904 354 936 Lucens
379 906 508 938 lucerna

275 960 333 990 per
356 955 461 983 terrae
487 953 613 984 climata
636 954 709 987 late.

197 1030 204 1037 .
232 1006 375 1038 Oarnalis
401 1008 525 1039 conubii

277 1053 409 1085 Vinculo
433 1054 544 1094 soluta,

230 1101 259 1130 A
283 1099 355 1131 labe
380 1101 513 1139 contagii

277 1145 385 1177 Carnis
409 1147 584 1185 impolluta,

229 1192 323 1230 Quasi
346 1193 529 1224 monasterii

275 1239 350 1278 Iugo
374 1238 551 1277 substituta,

188 1308 195 1315 .
226 1284 286 1316 Est
309 1288 433 1316 sanctas
458 1285 569 1317 viduas

271 1334 379 1362 sancte
401 1331 535 1364 vivendo
559 1335 675 1364 secuta.

290 1451 335 1482 In
361 1453 392 1483 2.
418 1451 641 1486 NocturnO.

368 1533 559 1567 Antiphonae.

193 1616 199 1622 .
224 1589 313 1620 Haec
336 1593 385 1622 est
407 1590 513 1622 Iudith
536 1589 640 1630 vidua,

271 1636 394 1668 Victrix
417 1635 609 1680 Holofernis,

223 1683 259 1714 In
280 1683 428 1714 certando
453 1685 589 1725 strenua,

267 1729 385 1761 Dedita
409 1730 562 1769 supernis

190 1809 196 1815 .
221 1785 379 1817 Ministris
405 1786 555 1817 ecclesiae

269 1831 384 1863 Sedule
407 1832 545 1870 servivit,

220 1878 345 1918 Egenos
371 1879 487 1910 cotidie

267 1925 360 1957 Pavit
384 1927 416 1956 et
437 1924 574 1957 vestivit.

186 2007 193 2014 .
220 1981 319 2014 Plane
342 1981 458 2022 probat
480 1980 624 2012 meritum

264 2028 377 2060 Matris
402 2028 492 2059 huius
517 2027 598 2070 piae,

218 2075 299 2107 Nam
321 2079 358 2106 ut
381 2075 483 2107 Oldan
509 2074 651 2113 spiritum

264 2121 368 2154 Gessit
393 2121 585 2162 prophetiae.

350 2215 556 2250 Responsoria.

181 2309 188 2316 .
215 2280 313 2314 Offert
337 2289 371 2312 se
397 2281 571 2313 discrimini

262 2328 390 2360 Viarum
415 2327 566 2367 perfecta,

907 199 959 231 Ad
983 199 1156 238 sepulcrum
1182 199 1308 230 Domini

951 246 1086 284 Peregre
1112 244 1265 286 profecta,

906 292 1009 331 Ipsius
1034 292 1167 322 examini

952 337 1151 369 Committens
1175 338 1307 378 obiecta,

868 407 875 414 .
905 383 975 415 Non
1000 384 1113 416 cedens
1138 384 1256 415 homini

950 433 1093 462 constans
1117 431 1201 462 redit
1225 431 1265 462 ad
1282 440 1337 463 sua
1352 433 1445 463 tecta.

873 509 880 516 .
905 485 1045 517 Helenae
1070 486 1109 517 de
1131 486 1235 525 patria

952 532 1066 563 Sancta
1088 533 1257 564 revertenti

904 578 1038 609 Fraudis
1064 577 1198 610 conflant
1223 579 1296 610 odia

949 624 1126 655 Fraudibus
1148 625 1270 664 intenti,

904 670 978 701 Sola
1002 671 1041 701 de
1064 671 1184 702 malitia

950 716 1073 748 Nocent
1095 717 1264 759 innocenti,

864 788 870 795 .
901 762 956 794 Nil
980 763 1093 795 obsunt
1116 764 1237 795 animae

949 810 1095 841 caelestia
1117 818 1214 851 regua
1236 811 1364 849 petenti.

870 889 875 895 .
903 863 1034 895 Peracta
1058 863 1192 896 feliciter

947 909 1035 941 Hora
1062 911 1215 949 passionis

902 955 1026 987 Gaudet
1050 957 1250 988 aeternaliter

948 1001 1033 1033 Caeli
1058 1003 1152 1042 digna
1171 1003 1302 1042 thronis.

900 1047 1035 1087 Fragrat
1059 1049 1136 1079 odor
1162 1049 1295 1080 dulciter

943 1094 994 1125 Ex
1013 1095 1161 1133 unguenti
1186 1096 1284 1134 donis,

862 1164 869 1171 .
900 1140 1028 1172 Glarent
1050 1141 1195 1180 prodigia

944 1196 1000 1218 sua
1022 1195 1081 1226 per
1104 1186 1181 1219 fines
1205 1189 1349 1228 regionis.

958 1298 1003 1329 In
1030 1300 1060 1331 3.
1084 1298 1313 1332 Nocturno.

1035 1371 1229 1407 Antiphonae.

863 1451 871 1458 .
896 1428 984 1459 Haec
1009 1430 1056 1458 est
1080 1428 1174 1459 Anna
1196 1428 1300 1460 sobna

941 1474 1046 1505 Mater
1069 1474 1221 1506 Samuelis

895 1519 1084 1559 Patiensque
1107 1520 1172 1552 filia

943 1566 1021 1598 Sara
1044 1566 1201 1606 Raguelis,

861 1644 868 1651 .
894 1620 1021 1660 Abigail
1045 1622 1169 1660 sapiens

939 1668 977 1698 In
1000 1675 1037 1698 ea
1060 1668 1185 1709 revixit,

893 1713 1080 1753 Deboraque
1104 1715 1282 1753 praesciens

938 1760 1024 1798 Quae
1048 1759 1154 1792 futura
1179 1761 1267 1796 dixit.

859 1839 867 1846 .
893 1815 986 1855 Legis
1010 1815 1071 1847 Dei
1095 1817 1200 1848 studio

937 1862 1014 1893 Fuit
1040 1865 1075 1893 ut
1100 1863 1251 1903 Susanna,

891 1909 1007 1939 Mentis
1034 1909 1190 1941 desiderio

937 1955 1106 1987 Phanuelis
1131 1956 1233 1988 Anna.

1031 2038 1233 2074 Responsoria.

857 2118 863 2125 .
890 2094 981 2126 Oliva
1005 2095 1078 2126 dum
1102 2096 1264 2136 premitur,

933 2141 1052 2173 Dulcor
1076 2142 1240 2183 eliquatur,

889 2188 959 2220 Uva
984 2188 1069 2220 calce
1093 2189 1246 2230 tunditur,

934 2234 979 2266 Ut
999 2235 1105 2267 vinum
1130 2235 1292 2276 fundatur,

886 2280 983 2312 Palea
1007 2283 1194 2322 concutitur,

932 2328 976 2360 Ut
1004 2338 1133 2368 granum
1157 2330 1289 2370 legatur.
