1650 2542
708 124 961 159 —185—

264 210 334 251 Dic,
361 213 438 252 quid
463 223 496 245 es
521 218 574 247 aut
600 225 654 248 cur
671 217 807 249 venisti?

263 256 315 288 Sic
339 268 410 290 nam
435 262 551 293 multos
578 263 707 296 elusisti.

228 345 235 353 .
263 321 384 354 Grandi
417 333 495 356 voce
518 330 591 367 trux
618 330 665 358 est
688 326 807 360 fassus:

262 367 358 400 Sacer
382 370 493 402 cohors
520 373 595 411 quid
613 376 661 404 est
686 383 807 415 passus,

265 415 477 454 Protoparens
502 426 556 448 seu
581 420 737 459 seductus,

263 461 330 492 Aut
354 465 505 501 tyrannus
530 465 604 503 quid
629 465 786 506 inductus,

262 507 332 538 Hoc
358 506 420 539 feci
444 511 640 549 suggestione

260 554 397 593 Meaque
420 557 632 594 perversione.

226 642 233 649 .
261 617 385 650 Offendi
409 620 477 660 Iob,
504 623 552 651 est
574 620 758 654 interfectus

257 664 350 704 Abel,
376 666 476 697 Isaias
501 669 614 708 sectus,

259 709 343 742 Gens
373 712 496 744 infinita
520 712 710 754 profanavit,

259 756 429 797 Suggestus
453 760 512 791 hoc
536 768 622 791 meus
646 761 781 800 paravit.

393 841 598 877 Responsoria.

223 921 229 927 .
257 896 281 928 O
308 895 469 929 conflictus
495 899 672 938 singularis,

255 942 279 974 O
305 943 464 983 triumphe
487 945 649 984 puellaris,

256 988 341 1027 Quae
365 990 411 1021 sic
435 991 555 1022 hostem
580 991 731 1031 subegisti

253 1035 316 1066 Sua
340 1037 460 1068 scelera
485 1035 684 1077 pandentem,

250 1081 462 1122 Ingementem
486 1086 580 1123 atque
603 1082 728 1115 flentem

253 1128 380 1160 Cunctis
405 1130 545 1169 clamque
569 1130 710 1170 abegisti,

213 1199 220 1206 .
250 1173 331 1206 Luto
358 1175 476 1206 donans
500 1176 583 1207 hunc
607 1185 765 1216 scaenoso,

252 1221 390 1252 Poenam
414 1230 529 1261 augens
556 1223 710 1255 doloroso.

219 1311 226 1319 .
252 1285 390 1317 Radioso
416 1286 504 1318 vultu
527 1287 631 1326 pergit

251 1332 292 1364 Se
316 1333 475 1371 responsis
500 1336 532 1363 et
555 1333 721 1373 immergit,

186 1396 195 1405 ÷
253 1378 350 1417 Virgo
376 1381 484 1410 sancta
507 1379 631 1411 Iuliana

253 1424 384 1456 Hostem
407 1424 483 1456 fidei
506 1424 709 1465 praefectum,

255 1470 426 1510 Sacrilegio
454 1470 614 1511 infectum,

253 1517 341 1549 Clam
367 1516 508 1549 confudit
533 1517 597 1549 fide
620 1527 713 1557 sana,

214 1586 221 1593 .
251 1563 397 1602 Quamvis
418 1572 522 1603 poena
538 1563 621 1595 foret
637 1564 796 1604 frendens,

252 1610 357 1642 Minas
383 1612 451 1642 erat
474 1610 714 1650 parvipendens.

222 1699 228 1707 .
255 1675 354 1706 Auxit
381 1684 498 1715 poenas
523 1685 595 1707 mox
619 1677 796 1716 immensas,

251 1722 383 1760 Quando
409 1721 545 1753 frameas
569 1731 742 1762 propensas

250 1768 339 1800 Addi
364 1767 468 1800 factae
491 1771 579 1801 rotae
602 1770 702 1809 iussit,

251 1814 384 1846 Luctam
408 1815 536 1853 angelus
560 1816 640 1847 hanc
665 1816 766 1847 diram

252 1861 494 1901 Machinamque
518 1861 578 1892 vim
605 1871 662 1901 per
686 1863 796 1894 miram

250 1907 428 1939 visibiliter
453 1909 617 1948 concussit,

209 1978 216 1986 .
251 1954 363 1987 Vincla
387 1957 520 1994 suntque
544 1956 692 1995 resoluta,

251 2000 303 2033 Sic
329 2000 459 2041 confusi,
489 2002 604 2033 mansit
626 2005 704 2036 tuta.

310 2124 356 2155 In
382 2125 413 2156 3.
441 2123 668 2157 Nocturno.

390 2196 583 2232 Antiphonae.

214 2279 222 2287 .
249 2253 347 2285 Pulsa
370 2254 569 2294 truculentia,

246 2300 342 2332 Fulta
366 2300 521 2339 sapientia

294 2346 390 2386 Virgo
414 2346 514 2378 Deum
539 2348 710 2389 benedixit,

936 219 1089 258 Psallens,
1115 227 1207 250 orans
1231 219 1344 250 laetius

935 265 978 297 Et
1001 265 1146 304 expansis
1171 265 1311 296 manibus

982 312 1093 343 Oculos
1115 311 1147 342 in
1174 311 1293 342 caelum
1315 311 1392 344 fixit.

900 401 908 408 .
933 377 1031 415 Rupit
1054 375 1250 407 infidelitatis

979 422 1138 454 Tenebras
1162 422 1343 461 tortoribus,

932 469 1081 508 Ingerens
1107 469 1300 500 credulitatis

978 515 1098 546 Lumen
1123 515 1322 548 oraminibus

898 603 905 610 .
932 579 1024 610 Ocius
1049 578 1181 618 profusa
1199 588 1294 618 prece

931 625 1131 656 Protulerunt
1153 634 1225 656 mox
1249 628 1382 657 tortores

931 671 1047 703 Voces:
1073 672 1262 710 parvipensa
1285 681 1361 703 nece

930 716 1020 748 Facti
1049 726 1152 748 sumus
1178 718 1330 750 meliores.

1056 791 1259 824 Responsoria.

897 869 904 877 .
930 846 1079 877 Miranda
1102 855 1177 878 voce
1200 849 1450 885 proclamarunt:

929 892 989 923 Est
1012 895 1122 930 potens
1148 893 1232 924 Deus
1256 894 1405 934 Iulianae,

928 938 1074 969 Protinus
1098 947 1133 969 se
1156 939 1361 978 subiugarunt

927 984 1080 1023 Religioni
1105 984 1302 1023 christianae,

888 1056 895 1063 ,
924 1030 1016 1060 Alter
1039 1039 1100 1060 non
1126 1034 1172 1060 est
1199 1030 1293 1070 Deus,

927 1075 989 1106 Sed
1018 1078 1135 1107 tantum
1162 1076 1301 1108 Iulianae
1324 1079 1422 1112 Iesus,

891 1164 898 1171 .
923 1140 1149 1172 Exclamarunt
1170 1141 1308 1172 roborati
1319 1153 1325 1172 :

924 1187 1067 1218 Paenitet
1091 1196 1146 1218 nos
1171 1187 1230 1218 hoc
1254 1186 1377 1227 fecisse,

922 1233 1017 1272 Ecce,
1047 1242 1151 1264 sumus
1175 1234 1237 1264 iam
1261 1236 1373 1275 parati,

924 1279 1011 1310 Scias
1038 1279 1132 1311 fidem
1156 1280 1307 1320 subiisse3

885 1349 892 1356 .
923 1324 1011 1357 Infer
1036 1326 1160 1365 quasvis
1185 1327 1349 1364 laesiones,

926 1372 1164 1403 Tormentorum
1189 1374 1359 1411 passiones.

890 1461 897 1469 .
922 1437 1000 1468 Mox
1026 1435 1204 1476 praefectus
1230 1438 1277 1468 his
1302 1439 1417 1470 auditis

925 1483 995 1514 Suis
1019 1492 1149 1522 nequam
1176 1484 1335 1515 accersitis

925 1530 1001 1561 Illos
1027 1538 1100 1560 ense
1124 1530 1216 1568 perdi
1240 1529 1340 1571 iussit,

925 1575 1067 1615 Namque
1091 1576 1205 1615 virgini
1230 1575 1314 1608 felici

924 1622 1002 1653 Tam
1028 1625 1205 1653 constanter
1230 1624 1388 1655 certatrici

924 1669 1028 1700 Minas
1051 1677 1222 1708 poenarum
1246 1670 1395 1713 incussit3

886 1738 893 1746 .
925 1715 1066 1747 Tandem
1090 1716 1159 1747 dire
1184 1716 1330 1748 decollati

924 1761 1004 1793 Sunt
1031 1770 1142 1793 cruore
1166 1762 1326 1802 baptizati.

1011 1874 1056 1906 In
1080 1875 1108 1906 L
1117 1883 1165 1906 au
1175 1875 1244 1906 dib
1254 1885 1274 1907 u
1283 1885 1308 1909 S.

1070 1947 1263 1983 Antiphonae.

891 2029 898 2037 .
924 2004 1021 2035 Iussit
1043 2013 1170 2044 praeses
1194 2006 1358 2037 lacessitus

921 2050 1023 2090 Supra
1047 2052 1172 2083 modum
1197 2053 1388 2085 succensitus

923 2097 1037 2136 Pyram
1061 2097 1131 2130 fieri
1152 2097 1333 2140 perfortem,

922 2144 1045 2184 Virgini
1065 2154 1126 2184 qua
1152 2146 1242 2177 daret
1265 2149 1405 2180 mortem.

888 2234 896 2241 .
923 2210 1000 2243 Cum
1024 2211 1102 2242 haec
1125 2211 1213 2251 virgo
1237 2212 1439 2253 percepisset,

922 2257 1011 2294 Quod
1032 2260 1183 2297 tyrannus
1207 2258 1391 2299 imperasset

921 2303 1000 2335 Eam
1024 2304 1098 2343 igne
1120 2305 1323 2343 concremari,

922 2349 1031 2390 Coepit
1056 2351 1157 2383 Deum
1183 2351 1355 2391 deprecari.
