<?xml version="1.0" encoding="UTF-8"?>
<!DOCTYPE html PUBLIC "-//W3C//DTD XHTML 1.0 Transitional//EN"
    "http://www.w3.org/TR/xhtml1/DTD/xhtml1-transitional.dtd">
<html xmlns="http://www.w3.org/1999/xhtml" xml:lang="en" lang="en">
 <head>
  <title>
</title>
<meta http-equiv="Content-Type" content="text/html;charset=utf-8" />
  <meta name='ocr-system' content='tesseract 3.04.00' />
  <meta name='ocr-capabilities' content='ocr_page ocr_carea ocr_par ocr_line ocrx_word'/>
</head>
<body>
  <div class='ocr_page' id='page_1' title='image "./analectahymnica26drevuoft_00225.png"; bbox 0 0 1650 2542; ppageno 0'>
   <div class='ocr_carea' id='block_1_1' title="bbox 751 141 1002 175">
    <p class='ocr_par' dir='ltr' id='par_1_1' title="bbox 751 141 1002 175">
     <span class='ocr_line' id='line_1_1' title="bbox 751 141 1002 175; baseline -0.012 1"><span class='ocrx_word' id='word_1_1' title='bbox 751 141 1002 175; x_wconf 78' lang='lat'>—222—</span> 
     </span>
    </p>
   </div>
   <div class='ocr_carea' id='block_1_2' title="bbox 308 237 782 372">
    <p class='ocr_par' dir='ltr' id='par_1_2' title="bbox 308 237 782 372">
     <span class='ocr_line' id='line_1_2' title="bbox 308 237 694 274; baseline -0.018 -1"><span class='ocrx_word' id='word_1_2' title='bbox 308 243 354 274; x_wconf 94' lang='lat' dir='ltr'><strong>Tc</strong></span> <span class='ocrx_word' id='word_1_3' title='bbox 378 239 536 272; x_wconf 76' lang='lat' dir='ltr'>collaudat</span> <span class='ocrx_word' id='word_1_4' title='bbox 558 237 694 270; x_wconf 92' lang='lat' dir='ltr'><strong>fidelium</strong></span> 
     </span>
     <span class='ocr_line' id='line_1_3' title="bbox 310 282 782 325; baseline -0.017 -6"><span class='ocrx_word' id='word_1_5' title='bbox 310 288 420 320; x_wconf 86' lang='lat' dir='ltr'><strong>Coetus</strong></span> <span class='ocrx_word' id='word_1_6' title='bbox 442 293 571 325; x_wconf 87' lang='lat' dir='ltr'><strong>sperans</strong></span> <span class='ocrx_word' id='word_1_7' title='bbox 596 282 782 321; x_wconf 83' lang='lat' dir='ltr'><strong>suffragium,</strong></span> 
     </span>
     <span class='ocr_line' id='line_1_4' title="bbox 356 329 687 372; baseline -0.015 -8"><span class='ocrx_word' id='word_1_8' title='bbox 356 332 521 372; x_wconf 89' lang='lat' dir='ltr'><strong>Culparum</strong></span> <span class='ocrx_word' id='word_1_9' title='bbox 546 340 566 362; x_wconf 85' lang='lat' dir='ltr'><strong>a</strong></span> <span class='ocrx_word' id='word_1_10' title='bbox 588 329 687 368; x_wconf 86' lang='lat' dir='ltr'><strong>ruina,</strong></span> 
     </span>
    </p>
   </div>
   <div class='ocr_carea' id='block_1_3' title="bbox 971 223 1450 316">
    <p class='ocr_par' dir='ltr' id='par_1_3' title="bbox 971 223 1450 316">
     <span class='ocr_line' id='line_1_5' title="bbox 971 223 1450 268; baseline -0.019 -6"><span class='ocrx_word' id='word_1_11' title='bbox 971 231 1017 263; x_wconf 87' lang='lat' dir='ltr'><strong>Ut</strong></span> <span class='ocrx_word' id='word_1_12' title='bbox 1038 231 1112 268; x_wconf 89' lang='lat' dir='ltr'><strong>post</strong></span> <span class='ocrx_word' id='word_1_13' title='bbox 1135 236 1284 268; x_wconf 79' lang='lat' dir='ltr'><strong>praesens</strong></span> <span class='ocrx_word' id='word_1_14' title='bbox 1308 223 1450 257; x_wconf 82' lang='lat' dir='ltr'>exsilium</span> 
     </span>
     <span class='ocr_line' id='line_1_6' title="bbox 972 270 1437 316; baseline -0.015 -9"><span class='ocrx_word' id='word_1_15' title='bbox 972 277 1078 316; x_wconf 87' lang='lat' dir='ltr'><strong>Ipsum</strong></span> <span class='ocrx_word' id='word_1_16' title='bbox 1104 275 1199 306; x_wconf 88' lang='lat' dir='ltr'><strong>ducas</strong></span> <span class='ocrx_word' id='word_1_17' title='bbox 1224 274 1266 305; x_wconf 86' lang='lat' dir='ltr'><strong>ad</strong></span> <span class='ocrx_word' id='word_1_18' title='bbox 1290 270 1437 312; x_wconf 87' lang='lat' dir='ltr'><strong>gaudium</strong></span> 
     </span>
    </p>
   </div>
   <div class='ocr_carea' id='block_1_4' title="bbox 1017 319 1362 361">
    <p class='ocr_par' dir='ltr' id='par_1_4' title="bbox 1017 319 1362 361">
     <span class='ocr_line' id='line_1_7' title="bbox 1017 319 1362 361; baseline -0.012 -8"><span class='ocrx_word' id='word_1_19' title='bbox 1017 321 1220 361; x_wconf 82' lang='lat' dir='ltr'><strong>Degustando</strong></span> <span class='ocrx_word' id='word_1_20' title='bbox 1247 319 1362 351; x_wconf 88' lang='lat' dir='ltr'><strong>divina.</strong></span> 
     </span>
    </p>
   </div>
   <div class='ocr_carea' id='block_1_5' title="bbox 313 380 1516 426">
    <p class='ocr_par' dir='ltr' id='par_1_5' title="bbox 313 380 1516 426">
     <span class='ocr_line' id='line_1_8' title="bbox 313 380 1516 426; baseline -0.014 -3"><span class='ocrx_word' id='word_1_21' title='bbox 313 396 394 422; x_wconf 80' lang='lat' dir='ltr'><strong>Brev.</strong></span> <span class='ocrx_word' id='word_1_22' title='bbox 414 402 456 421; x_wconf 86' lang='lat' dir='ltr'><strong>ms</strong></span> <span class='ocrx_word' id='word_1_23' title='bbox 484 392 740 426; x_wconf 84' lang='lat' dir='ltr'><strong>Gnadenbergense</strong></span> <span class='ocrx_word' id='word_1_24' title='bbox 759 396 832 416; x_wconf 85' lang='lat' dir='ltr'><strong>saec.</strong></span> <span class='ocrx_word' id='word_1_25' title='bbox 848 385 891 414; x_wconf 87' lang='grc'><strong>15.</strong></span> <span class='ocrx_word' id='word_1_26' title='bbox 925 386 994 414; x_wconf 80' lang='lat' dir='ltr'><strong>God.</strong></span> <span class='ocrx_word' id='word_1_27' title='bbox 1007 385 1152 413; x_wconf 89' lang='lat' dir='ltr'><strong>Holmien.</strong></span> <span class='ocrx_word' id='word_1_28' title='bbox 1166 382 1211 411; x_wconf 83' lang='lat'><strong>67.</strong></span> <span class='ocrx_word' id='word_1_29' title='bbox 1242 383 1338 410; x_wconf 74' lang='lat' dir='ltr'><strong>Datus</strong></span> <span class='ocrx_word' id='word_1_30' title='bbox 1358 381 1406 408; x_wconf 86' lang='lat' dir='ltr'><strong>bei</strong></span> <span class='ocrx_word' id='word_1_31' title='bbox 1419 380 1516 408; x_wconf 87' lang='lat' dir='ltr'><strong>Klem-</strong></span> 
     </span>
    </p>
   </div>
   <div class='ocr_carea' id='block_1_6' title="bbox 237 416 1517 537">
    <p class='ocr_par' dir='ltr' id='par_1_6' title="bbox 237 416 1517 537">
     <span class='ocr_line' id='line_1_9' title="bbox 239 416 1516 467; baseline -0.013 -7"><span class='ocrx_word' id='word_1_32' title='bbox 239 434 319 467; x_wconf 81' lang='lat' dir='ltr'><strong>ming</strong></span> <span class='ocrx_word' id='word_1_33' title='bbox 331 433 354 463; x_wconf 88' lang='lat'><strong>1,</strong></span> <span class='ocrx_word' id='word_1_34' title='bbox 369 430 429 458; x_wconf 69' lang='lat'><strong>742</strong></span> <span class='ocrx_word' id='word_1_35' title='bbox 442 440 502 465; x_wconf 87' lang='lat' dir='ltr'>sqq.</span> <span class='ocrx_word' id='word_1_36' title='bbox 517 444 548 448; x_wconf 90' lang='lat'><em>-</em></span> <span class='ocrx_word' id='word_1_37' title='bbox 569 429 610 455; x_wconf 84' lang='lat' dir='ltr'><strong>In</strong></span> <span class='ocrx_word' id='word_1_38' title='bbox 631 426 654 454; x_wconf 89' lang='lat'><strong>1.</strong></span> <span class='ocrx_word' id='word_1_39' title='bbox 672 427 772 460; x_wconf 87' lang='lat' dir='ltr'><strong>Vesp.</strong></span> <span class='ocrx_word' id='word_1_40' title='bbox 787 423 809 451; x_wconf 93' lang='grc' dir='ltr'>Α</span> <span class='ocrx_word' id='word_1_41' title='bbox 824 423 849 458; x_wconf 85' lang='grc'><strong>2,</strong></span> <span class='ocrx_word' id='word_1_42' title='bbox 863 422 881 451; x_wconf 83' lang='grc'><strong>3</strong></span> <span class='ocrx_word' id='word_1_43' title='bbox 901 423 1020 450; x_wconf 82' lang='lat' dir='ltr'><strong>Servato</strong></span> <span class='ocrx_word' id='word_1_44' title='bbox 1035 424 1127 449; x_wconf 90' lang='lat' dir='ltr'><strong>tocius</strong></span> <span class='ocrx_word' id='word_1_45' title='bbox 1142 421 1250 449; x_wconf 87' lang='lat' dir='ltr'><strong>ordine.</strong></span> <span class='ocrx_word' id='word_1_46' title='bbox 1265 433 1300 438; x_wconf 85' lang='lat'>—</span> <span class='ocrx_word' id='word_1_47' title='bbox 1319 419 1362 446; x_wconf 92' lang='lat' dir='ltr'><strong>In</strong></span> <span class='ocrx_word' id='word_1_48' title='bbox 1375 416 1401 445; x_wconf 84' lang='lat'><strong>3.</strong></span> <span class='ocrx_word' id='word_1_49' title='bbox 1414 418 1441 444; x_wconf 84' lang='lat' dir='ltr'>N</span> <span class='ocrx_word' id='word_1_50' title='bbox 1451 419 1516 444; x_wconf 85' lang='lat' dir='ltr'><strong>oct.</strong></span> 
     </span>
     <span class='ocr_line' id='line_1_10' title="bbox 237 452 1517 499; baseline -0.013 -3"><span class='ocrx_word' id='word_1_51' title='bbox 237 469 310 496; x_wconf 87' lang='lat' dir='ltr'><strong>fehlt</strong></span> <span class='ocrx_word' id='word_1_52' title='bbox 322 470 385 495; x_wconf 84' lang='lat' dir='ltr'><strong>eine</strong></span> <span class='ocrx_word' id='word_1_53' title='bbox 400 466 430 493; x_wconf 90' lang='grc' dir='ltr'><strong>Α.</strong></span> <span class='ocrx_word' id='word_1_54' title='bbox 461 467 496 494; x_wconf 86' lang='lat' dir='ltr'><strong>In</strong></span> <span class='ocrx_word' id='word_1_55' title='bbox 513 464 537 492; x_wconf 90' lang='lat'><strong>1.</strong></span> <span class='ocrx_word' id='word_1_56' title='bbox 550 466 636 499; x_wconf 88' lang='lat' dir='ltr'><strong>Vesp.</strong></span> <span class='ocrx_word' id='word_1_57' title='bbox 657 464 793 498; x_wconf 83' lang='lat' dir='ltr'>hymnus:</span> <span class='ocrx_word' id='word_1_58' title='bbox 814 461 921 494; x_wconf 80' lang='lat' dir='ltr'>Gaude,</span> <span class='ocrx_word' id='word_1_59' title='bbox 939 460 1025 487; x_wconf 78' lang='lat' dir='ltr'><strong>decus</strong></span> <span class='ocrx_word' id='word_1_60' title='bbox 1040 460 1189 494; x_wconf 81' lang='lat' dir='ltr'><strong>Ostgotiae</strong></span> <span class='ocrx_word' id='word_1_61' title='bbox 1200 456 1374 492; x_wconf 84' lang='lat' dir='ltr'><strong>(Klemming</strong></span> <span class='ocrx_word' id='word_1_62' title='bbox 1386 455 1402 482; x_wconf 91' lang='lat'>1</span> <span class='ocrx_word' id='word_1_63' title='bbox 1417 452 1454 481; x_wconf 82' lang='lat'><strong>74</strong></span> <span class='ocrx_word' id='word_1_64' title='bbox 1465 454 1517 487; x_wconf 83' lang='lat' dir='ltr'>b.);</span> 
     </span>
     <span class='ocr_line' id='line_1_11' title="bbox 238 491 1517 537; baseline -0.012 -4"><span class='ocrx_word' id='word_1_65' title='bbox 238 506 386 532; x_wconf 84' lang='lat' dir='ltr'><strong>Verfasser</strong></span> <span class='ocrx_word' id='word_1_66' title='bbox 405 505 454 531; x_wconf 77' lang='lat' dir='ltr'><strong>des</strong></span> <span class='ocrx_word' id='word_1_67' title='bbox 474 503 606 537; x_wconf 77' lang='lat' dir='ltr'><strong>Hymnus</strong></span> <span class='ocrx_word' id='word_1_68' title='bbox 625 501 683 528; x_wconf 85' lang='lat' dir='ltr'><strong>und</strong></span> <span class='ocrx_word' id='word_1_69' title='bbox 704 499 850 528; x_wconf 87' lang='lat' dir='ltr'><strong>Officiums</strong></span> <span class='ocrx_word' id='word_1_70' title='bbox 869 499 909 525; x_wconf 91' lang='lat' dir='ltr'><strong>ist</strong></span> <span class='ocrx_word' id='word_1_71' title='bbox 931 497 1123 525; x_wconf 85' lang='lat' dir='ltr'><strong>Johannes</strong></span> <span class='ocrx_word' id='word_1_72' title='bbox 1142 494 1348 523; x_wconf 87' lang='lat' dir='ltr'><strong>Benechini</strong></span> <span class='ocrx_word' id='word_1_73' title='bbox 1372 492 1414 519; x_wconf 85' lang='lat' dir='ltr'><strong>de</strong></span> <span class='ocrx_word' id='word_1_74' title='bbox 1433 491 1517 519; x_wconf 83' lang='lat' dir='ltr'><strong>Gal-</strong></span> 
     </span>
    </p>
   </div>
   <div class='ocr_carea' id='block_1_7' title="bbox 241 538 493 574">
    <p class='ocr_par' dir='ltr' id='par_1_7' title="bbox 241 538 493 574">
     <span class='ocr_line' id='line_1_12' title="bbox 241 538 493 574; baseline -0.012 -5"><span class='ocrx_word' id='word_1_75' title='bbox 241 543 357 569; x_wconf 83' lang='lat' dir='ltr'><strong>maria</strong></span> <span class='ocrx_word' id='word_1_76' title='bbox 374 540 393 574; x_wconf 94' lang='lat'>†</span> <span class='ocrx_word' id='word_1_77' title='bbox 413 538 493 568; x_wconf 82' lang='lat'>1461.</span> 
     </span>
    </p>
   </div>
   <div class='ocr_carea' id='block_1_8' title="bbox 647 612 1113 652">
    <p class='ocr_par' dir='ltr' id='par_1_8' title="bbox 647 612 1113 652">
     <span class='ocr_line' id='line_1_13' title="bbox 647 612 1113 652; baseline -0.011 -5"><span class='ocrx_word' id='word_1_78' title='bbox 647 616 692 647; x_wconf 85' lang='lat'><strong>76.</strong></span> <span class='ocrx_word' id='word_1_79' title='bbox 726 616 768 646; x_wconf 82' lang='lat' dir='ltr'><strong>De</strong></span> <span class='ocrx_word' id='word_1_80' title='bbox 788 614 892 645; x_wconf 85' lang='lat' dir='ltr'><strong>sancto</strong></span> <span class='ocrx_word' id='word_1_81' title='bbox 912 612 1113 652; x_wconf 85' lang='lat' dir='ltr'><strong>Kentigerno.</strong></span> 
     </span>
    </p>
   </div>
   <div class='ocr_carea' id='block_1_9' title="bbox 375 686 716 786">
    <p class='ocr_par' dir='ltr' id='par_1_9' title="bbox 375 686 716 786">
     <span class='ocr_line' id='line_1_14' title="bbox 375 686 716 726; baseline -0.009 -5"><span class='ocrx_word' id='word_1_82' title='bbox 375 690 419 721; x_wconf 90' lang='lat' dir='ltr'><strong>In</strong></span> <span class='ocrx_word' id='word_1_83' title='bbox 446 689 476 722; x_wconf 84' lang='lat'><strong>1.</strong></span> <span class='ocrx_word' id='word_1_84' title='bbox 502 689 529 720; x_wconf 89' lang='lat' dir='ltr'><strong>V</strong></span> <span class='ocrx_word' id='word_1_85' title='bbox 542 696 610 726; x_wconf 90' lang='lat' dir='ltr'><strong>esp</strong></span> <span class='ocrx_word' id='word_1_86' title='bbox 622 686 716 718; x_wconf 84' lang='lat' dir='ltr'><strong>eriS.</strong></span> 
     </span>
     <span class='ocr_line' id='line_1_15' title="bbox 449 751 640 786; baseline -0.016 -7"><span class='ocrx_word' id='word_1_87' title='bbox 449 751 640 786; x_wconf 85' lang='lat' dir='ltr'><strong>Antiphonae.</strong></span> 
     </span>
    </p>
   </div>
   <div class='ocr_carea' id='block_1_10' title="bbox 255 802 731 842">
    <p class='ocr_par' dir='ltr' id='par_1_10' title="bbox 255 802 731 842">
     <span class='ocr_line' id='line_1_16' title="bbox 255 802 731 842; baseline -0.015 -3"><span class='ocrx_word' id='word_1_88' title='bbox 255 806 285 839; x_wconf 86' lang='lat'><strong>1.</strong></span> <span class='ocrx_word' id='word_1_89' title='bbox 309 804 454 837; x_wconf 86' lang='lat' dir='ltr'><strong>Laudent</strong></span> <span class='ocrx_word' id='word_1_90' title='bbox 473 803 573 834; x_wconf 88' lang='lat' dir='ltr'><strong>Deum</strong></span> <span class='ocrx_word' id='word_1_91' title='bbox 597 802 731 842; x_wconf 87' lang='lat' dir='ltr'><strong>parvuli,</strong></span> 
     </span>
    </p>
   </div>
   <div class='ocr_carea' id='block_1_11' title="bbox 312 849 743 979">
    <p class='ocr_par' dir='ltr' id='par_1_11' title="bbox 312 849 743 979">
     <span class='ocr_line' id='line_1_17' title="bbox 355 849 729 889; baseline -0.008 -8"><span class='ocrx_word' id='word_1_92' title='bbox 355 858 432 889; x_wconf 88' lang='lat' dir='ltr'><strong>puer</strong></span> <span class='ocrx_word' id='word_1_93' title='bbox 457 849 539 888; x_wconf 86' lang='lat' dir='ltr'><strong>quod</strong></span> <span class='ocrx_word' id='word_1_94' title='bbox 564 851 729 887; x_wconf 88' lang='lat' dir='ltr'><strong>conceptus</strong></span> 
     </span>
     <span class='ocr_line' id='line_1_18' title="bbox 312 895 674 935; baseline -0.006 -8"><span class='ocrx_word' id='word_1_95' title='bbox 312 897 520 935; x_wconf 82' lang='lat' dir='ltr'><strong>Kentigernus</strong></span> <span class='ocrx_word' id='word_1_96' title='bbox 544 895 674 935; x_wconf 83' lang='lat' dir='ltr'>gratiam</span> 
     </span>
     <span class='ocr_line' id='line_1_19' title="bbox 358 941 743 979; baseline -0.005 -6"><span class='ocrx_word' id='word_1_97' title='bbox 358 951 506 973; x_wconf 89' lang='lat' dir='ltr'><strong>summam</strong></span> <span class='ocrx_word' id='word_1_98' title='bbox 531 945 579 973; x_wconf 87' lang='lat' dir='ltr'><strong>est</strong></span> <span class='ocrx_word' id='word_1_99' title='bbox 601 941 743 979; x_wconf 86' lang='lat' dir='ltr'><strong>adeptus.</strong></span> 
     </span>
    </p>
   </div>
   <div class='ocr_carea' id='block_1_12' title="bbox 282 996 775 1166">
    <p class='ocr_par' dir='ltr' id='par_1_12' title="bbox 282 996 775 1082">
     <span class='ocr_line' id='line_1_20' title="bbox 282 996 767 1036; baseline -0.006 -8"><span class='ocrx_word' id='word_1_100' title='bbox 282 1022 288 1028; x_wconf 95' lang='lat'>.</span> <span class='ocrx_word' id='word_1_101' title='bbox 315 998 426 1029; x_wconf 87' lang='lat' dir='ltr'><strong>Omnes</strong></span> <span class='ocrx_word' id='word_1_102' title='bbox 451 999 566 1036; x_wconf 81' lang='lat' dir='ltr'><strong>gentes,</strong></span> <span class='ocrx_word' id='word_1_103' title='bbox 593 996 767 1033; x_wconf 88' lang='lat' dir='ltr'><strong>Dominum,</strong></span> 
     </span>
     <span class='ocr_line' id='line_1_21' title="bbox 358 1041 775 1082; baseline -0.002 -9"><span class='ocrx_word' id='word_1_104' title='bbox 358 1043 490 1082; x_wconf 86' lang='lat' dir='ltr'><strong>linguae,</strong></span> <span class='ocrx_word' id='word_1_105' title='bbox 515 1042 615 1081; x_wconf 84' lang='lat' dir='ltr'><strong>plebs,</strong></span> <span class='ocrx_word' id='word_1_106' title='bbox 640 1041 775 1079; x_wconf 86' lang='lat' dir='ltr'><strong>laudate,</strong></span> 
     </span>
    </p>

    <p class='ocr_par' dir='ltr' id='par_1_13' title="bbox 312 1088 697 1166">
     <span class='ocr_line' id='line_1_22' title="bbox 312 1088 697 1126; baseline -0.005 -6"><span class='ocrx_word' id='word_1_107' title='bbox 312 1089 393 1120; x_wconf 90' lang='lat' dir='ltr'><strong>Dum</strong></span> <span class='ocrx_word' id='word_1_108' title='bbox 416 1088 514 1120; x_wconf 81' lang='lat' dir='ltr'><strong>nutrit</strong></span> <span class='ocrx_word' id='word_1_109' title='bbox 535 1088 697 1126; x_wconf 88' lang='lat' dir='ltr'><strong>puerulum</strong></span> 
     </span>
     <span class='ocr_line' id='line_1_23' title="bbox 360 1134 639 1166; baseline -0.007 0"><span class='ocrx_word' id='word_1_110' title='bbox 360 1134 515 1166; x_wconf 85' lang='lat' dir='ltr'><strong>Servanus</strong></span> <span class='ocrx_word' id='word_1_111' title='bbox 539 1134 639 1165; x_wconf 87' lang='lat' dir='ltr'><strong>beate.</strong></span> 
     </span>
    </p>
   </div>
   <div class='ocr_carea' id='block_1_13' title="bbox 280 1189 699 1366">
    <p class='ocr_par' dir='ltr' id='par_1_14' title="bbox 280 1189 699 1366">
     <span class='ocr_line' id='line_1_24' title="bbox 280 1189 696 1229; baseline -0.01 -7"><span class='ocrx_word' id='word_1_112' title='bbox 280 1215 288 1222; x_wconf 91' lang='lat'><strong>.</strong></span> <span class='ocrx_word' id='word_1_113' title='bbox 313 1190 434 1229; x_wconf 88' lang='lat' dir='ltr'><strong>Lauda,</strong></span> <span class='ocrx_word' id='word_1_114' title='bbox 461 1189 560 1220; x_wconf 84' lang='lat' dir='ltr'><strong>dulcis</strong></span> <span class='ocrx_word' id='word_1_115' title='bbox 585 1189 696 1227; x_wconf 85' lang='lat' dir='ltr'><strong>anima,</strong></span> 
     </span>
     <span class='ocr_line' id='line_1_25' title="bbox 356 1234 685 1275; baseline -0.006 -9"><span class='ocrx_word' id='word_1_116' title='bbox 356 1235 460 1275; x_wconf 86' lang='lat' dir='ltr'><strong>lauda,</strong></span> <span class='ocrx_word' id='word_1_117' title='bbox 485 1234 685 1274; x_wconf 85' lang='lat' dir='ltr'><strong>Kentigerne,</strong></span> 
     </span>
     <span class='ocr_line' id='line_1_26' title="bbox 313 1280 699 1321; baseline -0.008 -8"><span class='ocrx_word' id='word_1_118' title='bbox 313 1282 422 1321; x_wconf 90' lang='lat' dir='ltr'><strong>Deum,</strong></span> <span class='ocrx_word' id='word_1_119' title='bbox 448 1281 500 1320; x_wconf 85' lang='lat' dir='ltr'><strong>qui</strong></span> <span class='ocrx_word' id='word_1_120' title='bbox 523 1283 555 1311; x_wconf 87' lang='lat' dir='ltr'><strong>te</strong></span> <span class='ocrx_word' id='word_1_121' title='bbox 578 1280 699 1319; x_wconf 84' lang='lat' dir='ltr'><strong>patriae</strong></span> 
     </span>
     <span class='ocr_line' id='line_1_27' title="bbox 358 1326 687 1366; baseline 0 -8"><span class='ocrx_word' id='word_1_122' title='bbox 358 1326 512 1366; x_wconf 84' lang='lat' dir='ltr'><strong>praefecit</strong></span> <span class='ocrx_word' id='word_1_123' title='bbox 533 1329 687 1358; x_wconf 84' lang='lat' dir='ltr'><strong>aeternae.</strong></span> 
     </span>
    </p>
   </div>
   <div class='ocr_carea' id='block_1_14' title="bbox 281 1381 745 1559">
    <p class='ocr_par' dir='ltr' id='par_1_15' title="bbox 281 1381 745 1469">
     <span class='ocr_line' id='line_1_28' title="bbox 281 1381 739 1419; baseline -0.004 -4"><span class='ocrx_word' id='word_1_124' title='bbox 281 1408 288 1415; x_wconf 93' lang='lat'><strong><em>.</em></strong></span> <span class='ocrx_word' id='word_1_125' title='bbox 313 1383 395 1414; x_wconf 85' lang='lat' dir='ltr'><strong>Laus</strong></span> <span class='ocrx_word' id='word_1_126' title='bbox 427 1384 457 1412; x_wconf 91' lang='lat' dir='ltr'><strong>et</strong></span> <span class='ocrx_word' id='word_1_127' title='bbox 480 1382 573 1413; x_wconf 89' lang='lat' dir='ltr'><strong>decus</strong></span> <span class='ocrx_word' id='word_1_128' title='bbox 596 1381 739 1419; x_wconf 86' lang='lat' dir='ltr'><strong>Domino,</strong></span> 
     </span>
     <span class='ocr_line' id='line_1_29' title="bbox 358 1429 745 1469; baseline -0.003 -10"><span class='ocrx_word' id='word_1_129' title='bbox 358 1429 506 1469; x_wconf 84' lang='lat' dir='ltr'><strong>psalmuS,</strong></span> <span class='ocrx_word' id='word_1_130' title='bbox 531 1436 592 1459; x_wconf 81' lang='lat' dir='ltr'><strong>vox</strong></span> <span class='ocrx_word' id='word_1_131' title='bbox 617 1436 745 1466; x_wconf 72' lang='lat' dir='ltr'><strong>sonora,</strong></span> 
     </span>
    </p>

    <p class='ocr_par' dir='ltr' id='par_1_16' title="bbox 316 1474 684 1559">
     <span class='ocr_line' id='line_1_30' title="bbox 316 1474 684 1516; baseline -0.008 -10"><span class='ocrx_word' id='word_1_132' title='bbox 316 1475 515 1516; x_wconf 79' lang='lat' dir='ltr'><strong>Kentigeme,</strong></span> <span class='ocrx_word' id='word_1_133' title='bbox 541 1474 684 1512; x_wconf 89' lang='lat' dir='ltr'><strong>petimus,</strong></span> 
     </span>
     <span class='ocr_line' id='line_1_31' title="bbox 359 1520 650 1559; baseline -0.007 -7"><span class='ocrx_word' id='word_1_134' title='bbox 359 1529 417 1559; x_wconf 88' lang='lat' dir='ltr'><strong>pro</strong></span> <span class='ocrx_word' id='word_1_135' title='bbox 441 1520 530 1551; x_wconf 88' lang='lat' dir='ltr'><strong>nobis</strong></span> <span class='ocrx_word' id='word_1_136' title='bbox 555 1528 650 1551; x_wconf 80' lang='lat' dir='ltr'><strong>exora</strong></span> 
     </span>
    </p>
   </div>
   <div class='ocr_carea' id='block_1_15' title="bbox 282 1574 767 1746">
    <p class='ocr_par' dir='ltr' id='par_1_17' title="bbox 282 1574 715 1662">
     <span class='ocr_line' id='line_1_32' title="bbox 282 1574 710 1608; baseline -0.009 0"><span class='ocrx_word' id='word_1_137' title='bbox 282 1600 289 1608; x_wconf 95' lang='lat'>.</span> <span class='ocrx_word' id='word_1_138' title='bbox 315 1575 399 1608; x_wconf 91' lang='lat' dir='ltr'><strong>Urbs</strong></span> <span class='ocrx_word' id='word_1_139' title='bbox 423 1574 517 1606; x_wconf 87' lang='lat' dir='ltr'><strong>lauda</strong></span> <span class='ocrx_word' id='word_1_140' title='bbox 541 1575 710 1606; x_wconf 86' lang='lat' dir='ltr'><strong>Ierusalem</strong></span> 
     </span>
     <span class='ocr_line' id='line_1_33' title="bbox 358 1620 715 1662; baseline -0.008 -8"><span class='ocrx_word' id='word_1_141' title='bbox 358 1623 469 1660; x_wconf 85' lang='lat' dir='ltr'><strong>Deum,</strong></span> <span class='ocrx_word' id='word_1_142' title='bbox 495 1620 579 1660; x_wconf 86' lang='lat' dir='ltr'><strong>Sion,</strong></span> <span class='ocrx_word' id='word_1_143' title='bbox 605 1620 715 1662; x_wconf 81' lang='lat' dir='ltr'><strong>gaude,</strong></span> 
     </span>
    </p>

    <p class='ocr_par' dir='ltr' id='par_1_18' title="bbox 315 1667 767 1746">
     <span class='ocr_line' id='line_1_34' title="bbox 315 1667 680 1707; baseline -0.005 -8"><span class='ocrx_word' id='word_1_144' title='bbox 315 1668 539 1707; x_wconf 85' lang='lat' dir='ltr'><strong>Kentigernum</strong></span> <span class='ocrx_word' id='word_1_145' title='bbox 565 1667 680 1698; x_wconf 88' lang='lat' dir='ltr'><strong>exaltet</strong></span> 
     </span>
     <span class='ocr_line' id='line_1_35' title="bbox 361 1713 767 1746; baseline -0.002 0"><span class='ocrx_word' id='word_1_146' title='bbox 361 1714 501 1746; x_wconf 87' lang='lat' dir='ltr'><strong>Christus</strong></span> <span class='ocrx_word' id='word_1_147' title='bbox 523 1722 642 1744; x_wconf 89' lang='lat' dir='ltr'><strong>summa</strong></span> <span class='ocrx_word' id='word_1_148' title='bbox 664 1713 767 1745; x_wconf 87' lang='lat' dir='ltr'><strong>laude.</strong></span> 
     </span>
    </p>
   </div>
   <div class='ocr_carea' id='block_1_16' title="bbox 273 1769 853 2030">
    <p class='ocr_par' dir='ltr' id='par_1_19' title="bbox 276 1769 614 1806">
     <span class='ocr_line' id='line_1_36' title="bbox 276 1769 614 1806; baseline -0.003 -6"><span class='ocrx_word' id='word_1_149' title='bbox 276 1793 283 1800; x_wconf 93' lang='lat'>.</span> <span class='ocrx_word' id='word_1_150' title='bbox 314 1769 338 1800; x_wconf 96' lang='lat' dir='ltr'>O</span> <span class='ocrx_word' id='word_1_151' title='bbox 363 1777 452 1799; x_wconf 89' lang='lat' dir='ltr'><strong>sacer</strong></span> <span class='ocrx_word' id='word_1_152' title='bbox 475 1769 614 1806; x_wconf 84' lang='lat' dir='ltr'><strong>antistes,</strong></span> 
     </span>
    </p>

    <p class='ocr_par' dir='ltr' id='par_1_20' title="bbox 315 1815 774 1898">
     <span class='ocr_line' id='line_1_37' title="bbox 359 1815 774 1853; baseline 0 -8"><span class='ocrx_word' id='word_1_153' title='bbox 359 1815 440 1853; x_wconf 83' lang='lat' dir='ltr'><strong>regis</strong></span> <span class='ocrx_word' id='word_1_154' title='bbox 465 1815 638 1846; x_wconf 86' lang='lat' dir='ltr'><strong>clarissima</strong></span> <span class='ocrx_word' id='word_1_155' title='bbox 659 1815 774 1853; x_wconf 89' lang='lat' dir='ltr'><strong>proles,</strong></span> 
     </span>
     <span class='ocr_line' id='line_1_38' title="bbox 315 1860 677 1898; baseline 0 -7"><span class='ocrx_word' id='word_1_156' title='bbox 315 1861 375 1892; x_wconf 89' lang='lat' dir='ltr'><strong>Per</strong></span> <span class='ocrx_word' id='word_1_157' title='bbox 400 1869 490 1898; x_wconf 89' lang='lat' dir='ltr'><strong>quem</strong></span> <span class='ocrx_word' id='word_1_158' title='bbox 513 1860 677 1891; x_wconf 88' lang='lat' dir='ltr'><strong>Laudonia</strong></span> 
     </span>
    </p>

    <p class='ocr_par' dir='ltr' id='par_1_21' title="bbox 273 1905 853 2030">
     <span class='ocr_line' id='line_1_39' title="bbox 360 1905 853 1945; baseline 0 -9"><span class='ocrx_word' id='word_1_159' title='bbox 360 1906 439 1936; x_wconf 84' lang='lat' dir='ltr'><strong>nitet</strong></span> <span class='ocrx_word' id='word_1_160' title='bbox 467 1908 497 1936; x_wconf 90' lang='lat' dir='ltr'><strong>et</strong></span> <span class='ocrx_word' id='word_1_161' title='bbox 520 1906 582 1936; x_wconf 91' lang='lat' dir='ltr'><strong>iam</strong></span> <span class='ocrx_word' id='word_1_162' title='bbox 608 1905 754 1937; x_wconf 84' lang='lat' dir='ltr'><strong>Cumbria</strong></span> <span class='ocrx_word' id='word_1_163' title='bbox 778 1908 853 1945; x_wconf 83' lang='lat' dir='ltr'><strong>tota,</strong></span> 
     </span>
     <span class='ocr_line' id='line_1_40' title="bbox 273 1951 732 1991; baseline -0.004 -7"><span class='ocrx_word' id='word_1_164' title='bbox 273 1976 281 1984; x_wconf 93' lang='lat'><strong>.</strong></span> <span class='ocrx_word' id='word_1_165' title='bbox 312 1952 488 1991; x_wconf 84' lang='lat' dir='ltr'><strong>Magnaque</strong></span> <span class='ocrx_word' id='word_1_166' title='bbox 510 1960 585 1991; x_wconf 86' lang='lat' dir='ltr'><strong>pars</strong></span> <span class='ocrx_word' id='word_1_167' title='bbox 608 1951 732 1982; x_wconf 91' lang='lat' dir='ltr'><strong>Scotiae</strong></span> 
     </span>
     <span class='ocr_line' id='line_1_41' title="bbox 359 1997 785 2030; baseline 0.002 -1"><span class='ocrx_word' id='word_1_168' title='bbox 359 1997 434 2029; x_wconf 89' lang='lat' dir='ltr'><strong>fidei</strong></span> <span class='ocrx_word' id='word_1_169' title='bbox 459 1998 651 2030; x_wconf 85' lang='lat' dir='ltr'><strong>convertitur</strong></span> <span class='ocrx_word' id='word_1_170' title='bbox 675 1998 785 2030; x_wconf 91' lang='lat' dir='ltr'><strong>almae.</strong></span> 
     </span>
    </p>
   </div>
   <div class='ocr_carea' id='block_1_17' title="bbox 428 2070 669 2108">
    <p class='ocr_par' dir='ltr' id='par_1_22' title="bbox 428 2070 669 2108">
     <span class='ocr_line' id='line_1_42' title="bbox 428 2070 669 2108; baseline 0 -10"><span class='ocrx_word' id='word_1_171' title='bbox 428 2070 474 2098; x_wconf 80' lang='lat' dir='ltr'><strong>Ad</strong></span> <span class='ocrx_word' id='word_1_172' title='bbox 493 2070 669 2108; x_wconf 76' lang='lat' dir='ltr'><strong>Mag-nificat.</strong></span> 
     </span>
    </p>
   </div>
   <div class='ocr_carea' id='block_1_18' title="bbox 274 2123 659 2397">
    <p class='ocr_par' dir='ltr' id='par_1_23' title="bbox 274 2123 659 2303">
     <span class='ocr_line' id='line_1_43' title="bbox 274 2123 563 2163; baseline -0.01 -6"><span class='ocrx_word' id='word_1_173' title='bbox 274 2149 281 2157; x_wconf 92' lang='lat'><strong>.</strong></span> <span class='ocrx_word' id='word_1_174' title='bbox 313 2124 337 2156; x_wconf 94' lang='lat' dir='ltr'>O</span> <span class='ocrx_word' id='word_1_175' title='bbox 362 2123 563 2163; x_wconf 85' lang='lat' dir='ltr'><strong>Kentigerne,</strong></span> 
     </span>
     <span class='ocr_line' id='line_1_44' title="bbox 359 2170 627 2211; baseline 0.004 -10"><span class='ocrx_word' id='word_1_176' title='bbox 359 2179 480 2210; x_wconf 88' lang='lat' dir='ltr'><strong>gemma</strong></span> <span class='ocrx_word' id='word_1_177' title='bbox 501 2170 627 2211; x_wconf 91' lang='lat' dir='ltr'><strong>nobilis,</strong></span> 
     </span>
     <span class='ocr_line' id='line_1_45' title="bbox 313 2217 659 2257; baseline 0 -9"><span class='ocrx_word' id='word_1_178' title='bbox 313 2218 426 2249; x_wconf 87' lang='lat' dir='ltr'><strong>Pastor</strong></span> <span class='ocrx_word' id='word_1_179' title='bbox 449 2217 659 2257; x_wconf 88' lang='lat' dir='ltr'><strong>praepollens,</strong></span> 
     </span>
     <span class='ocr_line' id='line_1_46' title="bbox 358 2264 617 2303; baseline 0 -9"><span class='ocrx_word' id='word_1_180' title='bbox 358 2272 472 2303; x_wconf 87' lang='lat' dir='ltr'><strong>praeco</strong></span> <span class='ocrx_word' id='word_1_181' title='bbox 497 2264 617 2303; x_wconf 86' lang='lat' dir='ltr'><strong>salutis,</strong></span> 
     </span>
    </p>

    <p class='ocr_par' dir='ltr' id='par_1_24' title="bbox 313 2309 613 2397">
     <span class='ocr_line' id='line_1_47' title="bbox 313 2309 563 2348; baseline -0.008 -6"><span class='ocrx_word' id='word_1_182' title='bbox 313 2311 337 2342; x_wconf 96' lang='lat' dir='ltr'>O</span> <span class='ocrx_word' id='word_1_183' title='bbox 365 2309 563 2348; x_wconf 83' lang='lat' dir='ltr'><strong>dispensator</strong></span> 
     </span>
     <span class='ocr_line' id='line_1_48' title="bbox 361 2355 613 2397; baseline -0.012 -9"><span class='ocrx_word' id='word_1_184' title='bbox 361 2356 477 2388; x_wconf 86' lang='lat' dir='ltr'><strong>Christi</strong></span> <span class='ocrx_word' id='word_1_185' title='bbox 500 2355 613 2397; x_wconf 87' lang='lat' dir='ltr'><strong>fidelis,</strong></span> 
     </span>
    </p>
   </div>
   <div class='ocr_carea' id='block_1_19' title="bbox 974 682 1364 858">
    <p class='ocr_par' dir='ltr' id='par_1_25' title="bbox 974 682 1313 768">
     <span class='ocr_line' id='line_1_49' title="bbox 974 682 1231 718; baseline -0.008 -5"><span class='ocrx_word' id='word_1_186' title='bbox 974 682 1050 713; x_wconf 89' lang='lat' dir='ltr'><strong>Tuis</strong></span> <span class='ocrx_word' id='word_1_187' title='bbox 1075 689 1231 718; x_wconf 87' lang='lat' dir='ltr'><strong>succurre,</strong></span> 
     </span>
     <span class='ocr_line' id='line_1_50' title="bbox 1021 726 1313 768; baseline -0.007 -9"><span class='ocrx_word' id='word_1_188' title='bbox 1021 736 1145 767; x_wconf 87' lang='lat' dir='ltr'><strong>quaeso,</strong></span> <span class='ocrx_word' id='word_1_189' title='bbox 1172 726 1313 768; x_wconf 87' lang='lat' dir='ltr'><strong>servulis,</strong></span> 
     </span>
    </p>

    <p class='ocr_par' dir='ltr' id='par_1_26' title="bbox 975 775 1364 858">
     <span class='ocr_line' id='line_1_51' title="bbox 975 775 1279 806; baseline -0.01 0"><span class='ocrx_word' id='word_1_190' title='bbox 975 775 1094 806; x_wconf 88' lang='lat' dir='ltr'><strong>Lumen</strong></span> <span class='ocrx_word' id='word_1_191' title='bbox 1119 776 1155 805; x_wconf 89' lang='lat' dir='ltr'><strong>ut</strong></span> <span class='ocrx_word' id='word_1_192' title='bbox 1177 776 1279 804; x_wconf 87' lang='lat' dir='ltr'><strong>tecum</strong></span> 
     </span>
     <span class='ocr_line' id='line_1_52' title="bbox 1023 819 1364 858; baseline -0.009 -6"><span class='ocrx_word' id='word_1_193' title='bbox 1023 822 1151 852; x_wconf 86' lang='lat' dir='ltr'><strong>cernant</strong></span> <span class='ocrx_word' id='word_1_194' title='bbox 1173 819 1207 851; x_wconf 90' lang='lat' dir='ltr'><strong>in</strong></span> <span class='ocrx_word' id='word_1_195' title='bbox 1231 819 1364 858; x_wconf 90' lang='lat' dir='ltr'><strong>superis.</strong></span> 
     </span>
    </p>
   </div>
   <div class='ocr_carea' id='block_1_20' title="bbox 1044 930 1390 963">
    <p class='ocr_par' dir='ltr' id='par_1_27' title="bbox 1044 930 1390 963">
     <span class='ocr_line' id='line_1_53' title="bbox 1044 930 1390 963; baseline -0.009 0"><span class='ocrx_word' id='word_1_196' title='bbox 1044 932 1105 963; x_wconf 80' lang='lat' dir='ltr'><strong>Ad</strong></span> <span class='ocrx_word' id='word_1_197' title='bbox 1127 931 1240 962; x_wconf 87' lang='lat' dir='ltr'><strong>Matu</strong></span> <span class='ocrx_word' id='word_1_198' title='bbox 1253 930 1390 961; x_wconf 86' lang='lat' dir='ltr'><strong>tinum.</strong></span> 
     </span>
    </p>
   </div>
   <div class='ocr_carea' id='block_1_21' title="bbox 1110 995 1321 1022">
    <p class='ocr_par' dir='ltr' id='par_1_28' title="bbox 1110 995 1321 1022">
     <span class='ocr_line' id='line_1_54' title="bbox 1110 995 1321 1022; baseline -0.014 0"><span class='ocrx_word' id='word_1_199' title='bbox 1110 995 1321 1022; x_wconf 86' lang='lat' dir='ltr'><strong>Invitatorium.</strong></span> 
     </span>
    </p>
   </div>
   <div class='ocr_carea' id='block_1_22' title="bbox 974 1050 1523 1265">
    <p class='ocr_par' dir='ltr' id='par_1_29' title="bbox 974 1050 1523 1265">
     <span class='ocr_line' id='line_1_55' title="bbox 974 1050 1353 1084; baseline -0.008 -1"><span class='ocrx_word' id='word_1_200' title='bbox 974 1052 1123 1084; x_wconf 80' lang='lat' dir='ltr'><strong>Machina</strong></span> <span class='ocrx_word' id='word_1_201' title='bbox 1146 1051 1230 1082; x_wconf 89' lang='lat' dir='ltr'><strong>trina</strong></span> <span class='ocrx_word' id='word_1_202' title='bbox 1252 1050 1353 1082; x_wconf 90' lang='lat' dir='ltr'><strong>Deum</strong></span> 
     </span>
     <span class='ocr_line' id='line_1_56' title="bbox 1022 1099 1504 1134; baseline -0.008 -5"><span class='ocrx_word' id='word_1_203' title='bbox 1022 1106 1130 1129; x_wconf 90' lang='lat' dir='ltr'><strong>verum</strong></span> <span class='ocrx_word' id='word_1_204' title='bbox 1155 1099 1320 1129; x_wconf 86' lang='lat' dir='ltr'><strong>veneretur</strong></span> <span class='ocrx_word' id='word_1_205' title='bbox 1345 1099 1376 1127; x_wconf 84' lang='lat' dir='ltr'><strong>et</strong></span> <span class='ocrx_word' id='word_1_206' title='bbox 1400 1104 1504 1134; x_wconf 88' lang='lat' dir='ltr'><strong>unum,</strong></span> 
     </span>
     <span class='ocr_line' id='line_1_57' title="bbox 978 1144 1288 1182; baseline 0 -8"><span class='ocrx_word' id='word_1_207' title='bbox 978 1144 1035 1182; x_wconf 78' lang='lat' dir='ltr'><strong>Qui</strong></span> <span class='ocrx_word' id='word_1_208' title='bbox 1062 1144 1288 1182; x_wconf 87' lang='lat' dir='ltr'><strong>Kentigernum</strong></span> 
     </span>
     <span class='ocr_line' id='line_1_58' title="bbox 1022 1187 1523 1228; baseline -0.006 -8"><span class='ocrx_word' id='word_1_209' title='bbox 1022 1190 1083 1221; x_wconf 87' lang='lat' dir='ltr'><strong>sibi</strong></span> <span class='ocrx_word' id='word_1_210' title='bbox 1131 1189 1263 1228; x_wconf 87' lang='lat' dir='ltr'><strong>sumpsit</strong></span> <span class='ocrx_word' id='word_1_211' title='bbox 1311 1188 1353 1219; x_wconf 86' lang='lat' dir='ltr'><strong>ad</strong></span> <span class='ocrx_word' id='word_1_212' title='bbox 1395 1187 1523 1218; x_wconf 83' lang='lat' dir='ltr'><strong>aethera</strong></span> 
     </span>
     <span class='ocr_line' id='line_1_59' title="bbox 1295 1235 1446 1265; baseline 0 0"><span class='ocrx_word' id='word_1_213' title='bbox 1295 1235 1446 1265; x_wconf 84' lang='lat' dir='ltr'><strong>sanctum.</strong></span> 
     </span>
    </p>
   </div>
   <div class='ocr_carea' id='block_1_23' title="bbox 1038 1345 1393 1444">
    <p class='ocr_par' dir='ltr' id='par_1_30' title="bbox 1038 1345 1393 1444">
     <span class='ocr_line' id='line_1_60' title="bbox 1038 1345 1393 1378; baseline -0.003 0"><span class='ocrx_word' id='word_1_214' title='bbox 1038 1347 1083 1378; x_wconf 92' lang='lat' dir='ltr'><strong>In</strong></span> <span class='ocrx_word' id='word_1_215' title='bbox 1110 1347 1141 1378; x_wconf 91' lang='lat'><strong>1.</strong></span> <span class='ocrx_word' id='word_1_216' title='bbox 1167 1345 1393 1377; x_wconf 86' lang='lat' dir='ltr'><strong>Nocturno.</strong></span> 
     </span>
     <span class='ocr_line' id='line_1_61' title="bbox 1118 1409 1310 1444; baseline -0.005 -8"><span class='ocrx_word' id='word_1_217' title='bbox 1118 1409 1310 1444; x_wconf 86' lang='lat' dir='ltr'><strong>Antiphonae.</strong></span> 
     </span>
    </p>
   </div>
   <div class='ocr_carea' id='block_1_24' title="bbox 944 1464 1331 1508">
    <p class='ocr_par' dir='ltr' id='par_1_31' title="bbox 944 1464 1331 1508">
     <span class='ocr_line' id='line_1_62' title="bbox 944 1464 1331 1508; baseline -0.008 -9"><span class='ocrx_word' id='word_1_218' title='bbox 944 1493 951 1500; x_wconf 92' lang='lat'><em>.</em></span> <span class='ocrx_word' id='word_1_219' title='bbox 977 1467 1069 1497; x_wconf 80' lang='lat' dir='ltr'><strong>Felix</strong></span> <span class='ocrx_word' id='word_1_220' title='bbox 1093 1466 1151 1508; x_wconf 87' lang='lat' dir='ltr'><strong>vir,</strong></span> <span class='ocrx_word' id='word_1_221' title='bbox 1179 1466 1231 1505; x_wconf 91' lang='lat' dir='ltr'><strong>qui</strong></span> <span class='ocrx_word' id='word_1_222' title='bbox 1255 1464 1331 1496; x_wconf 88' lang='lat' dir='ltr'><strong>fidei</strong></span> 
     </span>
    </p>
   </div>
   <div class='ocr_carea' id='block_1_25' title="bbox 978 1511 1345 1637">
    <p class='ocr_par' dir='ltr' id='par_1_32' title="bbox 978 1511 1345 1637">
     <span class='ocr_line' id='line_1_63' title="bbox 1023 1511 1306 1552; baseline -0.007 -8"><span class='ocrx_word' id='word_1_223' title='bbox 1023 1513 1131 1544; x_wconf 81' lang='lat' dir='ltr'><strong>Factis</strong></span> <span class='ocrx_word' id='word_1_224' title='bbox 1155 1511 1306 1552; x_wconf 86' lang='lat' dir='ltr'><strong>gloriatur</strong></span> 
     </span>
     <span class='ocr_line' id='line_1_64' title="bbox 978 1558 1316 1598; baseline -0.009 -7"><span class='ocrx_word' id='word_1_225' title='bbox 978 1559 1022 1591; x_wconf 89' lang='lat' dir='ltr'><strong>Et</strong></span> <span class='ocrx_word' id='word_1_226' title='bbox 1044 1559 1076 1590; x_wconf 92' lang='lat' dir='ltr'><strong>in</strong></span> <span class='ocrx_word' id='word_1_227' title='bbox 1097 1559 1168 1598; x_wconf 88' lang='lat' dir='ltr'><strong>lege</strong></span> <span class='ocrx_word' id='word_1_228' title='bbox 1190 1558 1316 1589; x_wconf 91' lang='lat' dir='ltr'><strong>Domini</strong></span> 
     </span>
     <span class='ocr_line' id='line_1_65' title="bbox 1026 1605 1345 1637; baseline -0.006 0"><span class='ocrx_word' id='word_1_229' title='bbox 1026 1605 1143 1637; x_wconf 85' lang='lat' dir='ltr'><strong>Crebro</strong></span> <span class='ocrx_word' id='word_1_230' title='bbox 1166 1605 1345 1636; x_wconf 80' lang='lat' dir='ltr'><strong>meditatur.</strong></span> 
     </span>
    </p>
   </div>
   <div class='ocr_carea' id='block_1_26' title="bbox 945 1660 1289 1694">
    <p class='ocr_par' dir='ltr' id='par_1_33' title="bbox 945 1660 1289 1694">
     <span class='ocr_line' id='line_1_66' title="bbox 945 1660 1289 1694; baseline -0.012 0"><span class='ocrx_word' id='word_1_231' title='bbox 945 1686 952 1694; x_wconf 92' lang='lat'><strong><em>.</em></strong></span> <span class='ocrx_word' id='word_1_232' title='bbox 979 1662 1016 1692; x_wconf 91' lang='lat' dir='ltr'><strong>In</strong></span> <span class='ocrx_word' id='word_1_233' title='bbox 1040 1661 1153 1692; x_wconf 81' lang='lat' dir='ltr'><strong>timore</strong></span> <span class='ocrx_word' id='word_1_234' title='bbox 1177 1660 1289 1691; x_wconf 78' lang='lat' dir='ltr'><strong>didicit</strong></span> 
     </span>
    </p>
   </div>
   <div class='ocr_carea' id='block_1_27' title="bbox 977 1706 1343 1831">
    <p class='ocr_par' dir='ltr' id='par_1_34' title="bbox 977 1706 1343 1831">
     <span class='ocr_line' id='line_1_67' title="bbox 1025 1706 1279 1738; baseline -0.004 0"><span class='ocrx_word' id='word_1_235' title='bbox 1025 1707 1093 1738; x_wconf 91' lang='lat' dir='ltr'><strong>Deo</strong></span> <span class='ocrx_word' id='word_1_236' title='bbox 1120 1706 1279 1738; x_wconf 86' lang='lat' dir='ltr'><strong>deservire</strong></span> 
     </span>
     <span class='ocr_line' id='line_1_68' title="bbox 977 1752 1343 1785; baseline -0.005 -1"><span class='ocrx_word' id='word_1_237' title='bbox 977 1753 1020 1785; x_wconf 87' lang='lat' dir='ltr'><strong>Et</strong></span> <span class='ocrx_word' id='word_1_238' title='bbox 1044 1753 1200 1785; x_wconf 85' lang='lat' dir='ltr'><strong>mandatis</strong></span> <span class='ocrx_word' id='word_1_239' title='bbox 1224 1752 1343 1783; x_wconf 87' lang='lat' dir='ltr'><strong>studuit</strong></span> 
     </span>
     <span class='ocr_line' id='line_1_69' title="bbox 1025 1798 1287 1831; baseline 0 0"><span class='ocrx_word' id='word_1_240' title='bbox 1025 1800 1102 1831; x_wconf 88' lang='lat' dir='ltr'><strong>Eius</strong></span> <span class='ocrx_word' id='word_1_241' title='bbox 1127 1798 1287 1831; x_wconf 88' lang='lat' dir='ltr'><strong>oboedire.</strong></span> 
     </span>
    </p>
   </div>
   <div class='ocr_carea' id='block_1_28' title="bbox 946 1853 1360 1886">
    <p class='ocr_par' dir='ltr' id='par_1_35' title="bbox 946 1853 1360 1886">
     <span class='ocr_line' id='line_1_70' title="bbox 946 1853 1360 1886; baseline -0.007 0"><span class='ocrx_word' id='word_1_242' title='bbox 946 1879 953 1886; x_wconf 91' lang='lat'><strong><em>.</em></strong></span> <span class='ocrx_word' id='word_1_243' title='bbox 978 1854 1119 1886; x_wconf 85' lang='lat' dir='ltr'><strong>Montem</strong></span> <span class='ocrx_word' id='word_1_244' title='bbox 1143 1854 1205 1885; x_wconf 90' lang='lat' dir='ltr'><strong>Dei</strong></span> <span class='ocrx_word' id='word_1_245' title='bbox 1229 1853 1360 1884; x_wconf 88' lang='lat' dir='ltr'><strong>caelitus</strong></span> 
     </span>
    </p>
   </div>
   <div class='ocr_carea' id='block_1_29' title="bbox 982 1900 1438 2032">
    <p class='ocr_par' dir='ltr' id='par_1_36' title="bbox 982 1900 1438 2032">
     <span class='ocr_line' id='line_1_71' title="bbox 1027 1900 1404 1939; baseline -0.005 -8"><span class='ocrx_word' id='word_1_246' title='bbox 1027 1900 1158 1931; x_wconf 86' lang='lat' dir='ltr'><strong>Scandit</strong></span> <span class='ocrx_word' id='word_1_247' title='bbox 1180 1900 1404 1939; x_wconf 84' lang='lat' dir='ltr'><strong>Kentigernus,</strong></span> 
     </span>
     <span class='ocr_line' id='line_1_72' title="bbox 982 1946 1387 1987; baseline -0.002 -10"><span class='ocrx_word' id='word_1_248' title='bbox 982 1946 1101 1987; x_wconf 87' lang='lat' dir='ltr'><strong>Ambit,</strong></span> <span class='ocrx_word' id='word_1_249' title='bbox 1127 1949 1227 1983; x_wconf 90' lang='lat' dir='ltr'><strong>ornat,</strong></span> <span class='ocrx_word' id='word_1_250' title='bbox 1254 1946 1387 1984; x_wconf 88' lang='lat' dir='ltr'><strong>suscipit</strong></span> 
     </span>
     <span class='ocr_line' id='line_1_73' title="bbox 1029 1993 1438 2032; baseline 0 -7"><span class='ocrx_word' id='word_1_251' title='bbox 1029 1993 1143 2026; x_wconf 88' lang='lat' dir='ltr'><strong>Coetus</strong></span> <span class='ocrx_word' id='word_1_252' title='bbox 1167 1993 1251 2025; x_wconf 91' lang='lat' dir='ltr'><strong>hunc</strong></span> <span class='ocrx_word' id='word_1_253' title='bbox 1275 2001 1438 2032; x_wconf 85' lang='lat' dir='ltr'><strong>supernuS.</strong></span> 
     </span>
    </p>
   </div>
   <div class='ocr_carea' id='block_1_30' title="bbox 1119 2067 1325 2101">
    <p class='ocr_par' dir='ltr' id='par_1_37' title="bbox 1119 2067 1325 2101">
     <span class='ocr_line' id='line_1_74' title="bbox 1119 2067 1325 2101; baseline -0.005 -8"><span class='ocrx_word' id='word_1_254' title='bbox 1119 2067 1325 2101; x_wconf 82' lang='lat' dir='ltr'><strong>Respousoria.</strong></span> 
     </span>
    </p>
   </div>
   <div class='ocr_carea' id='block_1_31' title="bbox 948 2121 1343 2161">
    <p class='ocr_par' dir='ltr' id='par_1_38' title="bbox 948 2121 1343 2161">
     <span class='ocr_line' id='line_1_75' title="bbox 948 2121 1343 2161; baseline -0.008 -7"><span class='ocrx_word' id='word_1_255' title='bbox 948 2148 955 2154; x_wconf 92' lang='lat'>.</span> <span class='ocrx_word' id='word_1_256' title='bbox 981 2123 1046 2154; x_wconf 91' lang='lat' dir='ltr'><strong>Dat</strong></span> <span class='ocrx_word' id='word_1_257' title='bbox 1069 2123 1152 2154; x_wconf 88' lang='lat' dir='ltr'><strong>vitae</strong></span> <span class='ocrx_word' id='word_1_258' title='bbox 1175 2121 1343 2161; x_wconf 88' lang='lat' dir='ltr'><strong>volucrem,</strong></span> 
     </span>
    </p>
   </div>
   <div class='ocr_carea' id='block_1_32' title="bbox 980 2165 1504 2303">
    <p class='ocr_par' dir='ltr' id='par_1_39' title="bbox 980 2165 1504 2303">
     <span class='ocr_line' id='line_1_76' title="bbox 1028 2165 1504 2209; baseline 0.011 -13"><span class='ocrx_word' id='word_1_259' title='bbox 1028 2168 1147 2207; x_wconf 84' lang='lat' dir='ltr'><strong>gelidas</strong></span> <span class='ocrx_word' id='word_1_260' title='bbox 1173 2165 1320 2198; x_wconf 87' lang='lat' dir='ltr'><strong>conflavit</strong></span> <span class='ocrx_word' id='word_1_261' title='bbox 1344 2169 1375 2199; x_wconf 92' lang='lat' dir='ltr'><strong>in</strong></span> <span class='ocrx_word' id='word_1_262' title='bbox 1401 2170 1504 2209; x_wconf 83' lang='lat' dir='ltr'><strong>ignem</strong></span> 
     </span>
     <span class='ocr_line' id='line_1_77' title="bbox 980 2213 1424 2250; baseline 0.007 -7"><span class='ocrx_word' id='word_1_263' title='bbox 980 2213 1134 2250; x_wconf 82' lang='lat' dir='ltr'><strong>FrondeS,</strong></span> <span class='ocrx_word' id='word_1_264' title='bbox 1161 2220 1251 2250; x_wconf 89' lang='lat' dir='ltr'><strong>quem</strong></span> <span class='ocrx_word' id='word_1_265' title='bbox 1278 2215 1424 2246; x_wconf 88' lang='lat' dir='ltr'><strong>comitum</strong></span> 
     </span>
     <span class='ocr_line' id='line_1_78' title="bbox 1028 2257 1490 2303; baseline 0.013 -16"><span class='ocrx_word' id='word_1_266' title='bbox 1028 2257 1221 2288; x_wconf 81' lang='lat' dir='ltr'><strong>exstinxerat</strong></span> <span class='ocrx_word' id='word_1_267' title='bbox 1242 2258 1291 2289; x_wconf 89' lang='lat' dir='ltr'><strong>ira</strong></span> <span class='ocrx_word' id='word_1_268' title='bbox 1315 2265 1490 2303; x_wconf 86' lang='lat' dir='ltr'><strong>nocentum,</strong></span> 
     </span>
    </p>
   </div>
   <div class='ocr_carea' id='block_1_33' title="bbox 943 2302 1323 2343">
    <p class='ocr_par' dir='ltr' id='par_1_40' title="bbox 943 2302 1323 2343">
     <span class='ocr_line' id='line_1_79' title="bbox 943 2302 1323 2343; baseline 0.003 -8"><span class='ocrx_word' id='word_1_269' title='bbox 943 2328 950 2336; x_wconf 94' lang='lat'>.</span> <span class='ocrx_word' id='word_1_270' title='bbox 980 2304 1090 2335; x_wconf 88' lang='lat' dir='ltr'><strong>Culros</strong></span> <span class='ocrx_word' id='word_1_271' title='bbox 1115 2302 1212 2340; x_wconf 86' lang='lat' dir='ltr'><strong>stirps</strong></span> <span class='ocrx_word' id='word_1_272' title='bbox 1236 2304 1323 2343; x_wconf 88' lang='lat' dir='ltr'><strong>regia</strong></span> 
     </span>
    </p>
   </div>
   <div class='ocr_carea' id='block_1_34' title="bbox 1029 2347 1524 2390">
    <p class='ocr_par' dir='ltr' id='par_1_41' title="bbox 1029 2347 1524 2390">
     <span class='ocr_line' id='line_1_80' title="bbox 1029 2347 1524 2390; baseline 0.012 -12"><span class='ocrx_word' id='word_1_273' title='bbox 1029 2347 1118 2378; x_wconf 85' lang='lat' dir='ltr'><strong>dedit</strong></span> <span class='ocrx_word' id='word_1_274' title='bbox 1132 2348 1210 2380; x_wconf 88' lang='lat' dir='ltr'><strong>haec</strong></span> <span class='ocrx_word' id='word_1_275' title='bbox 1227 2350 1401 2388; x_wconf 84' lang='lat' dir='ltr'><strong>primordia</strong></span> <span class='ocrx_word' id='word_1_276' title='bbox 1413 2352 1524 2390; x_wconf 82' lang='lat' dir='ltr'><strong>prima,</strong></span> 
     </span>
    </p>
   </div>
  </div>
 </body>
</html>
