1650 2542
802 140 1028 173 -54-

352 238 473 270 Clarum
497 236 684 275 sanguinem,
710 242 769 272 quo
786 231 884 272 fulge-

663 280 727 318 bat,

348 329 459 361 Probis
483 328 621 359 moribus
647 325 825 363 exornabat,

347 375 392 407 Ut
415 375 518 407 virens
539 374 642 413 palma
663 370 805 410 florebat,

346 421 389 452 Et
413 424 448 451 ut
472 420 581 451 cedrus
604 418 699 449 ramis

392 467 540 497 virtutum
563 473 597 495 se
620 462 837 504 protendebat,

308 538 314 545 .
343 512 512 543 Plantatus
542 511 578 541 in
612 510 703 541 domo
735 508 881 549 Domini,

348 558 382 588 m
406 557 499 588 atriis
524 556 634 587 domus
656 554 720 585 Dei
741 554 854 585 nostri.

313 640 319 645 .
343 612 438 643 Flore
493 611 612 650 primae
664 609 774 640 aetatis
820 609 883 640 iam

664 658 823 695 vernante,

345 704 464 743 Spiritu
473 703 620 734 scientiae
628 702 689 732 sibi
697 701 880 741 inspirante,

345 750 547 781 Gebehardus
570 748 701 779 illustris

390 795 517 826 cellaria
541 794 622 833 regis
647 793 852 832 introductus,

338 841 427 872 Mero
453 841 550 872 divini
571 840 660 871 verbi

387 888 433 918 ita
462 889 509 918 est
531 886 712 925 inebriatus,

340 933 385 965 Ut
408 936 516 972 postea
538 935 686 971 ructaret,

342 980 435 1012 Unde
450 979 514 1010 late
538 978 650 1009 famem
674 979 808 1010 sedaret.

302 1051 309 1058 .
338 1024 878 1064 Osiustimeditabitursapientiam,

342 1073 370 1102 et
402 1071 514 1110 linqua
538 1071 604 1102 eius
627 1070 771 1109 loquetur
792 1070 877 1101 iudi-

339 1117 432 1149 cium.

306 1198 313 1205 .
339 1173 481 1212 Optimae
502 1171 617 1203 indolis
641 1172 834 1210 adulescens,

339 1218 512 1250 Virtutibus
536 1218 569 1248 in
591 1218 656 1248 dies
680 1218 800 1257 pollens

337 1265 442 1296 Laeva
465 1272 603 1303 quaeque

386 1311 474 1342 devia
495 1309 656 1348 linquebat

335 1357 378 1388 Et
403 1357 513 1387 dextra
535 1356 649 1386 itinera

383 1405 448 1433 toto
472 1402 542 1432 nisu
565 1401 714 1432 tendebat

298 1473 306 1481 .
335 1449 469 1488 Propter
490 1447 653 1479 veritatem
677 1448 704 1478 et
726 1456 873 1478 ‘'namue-

338 1495 481 1525 tudinem
505 1495 533 1524 et
555 1493 723 1525 iustitiam.

305 1573 312 1581 .
338 1550 488 1589 Egregius
514 1549 561 1580 vir
586 1548 799 1590 Gebehardus,

338 1596 477 1627 Dilectus
502 1595 569 1626 Deo
596 1598 627 1625 et
649 1595 833 1637 hominibus,

337 1642 490 1672 Amabilis
514 1640 722 1680 pontificibus,

339 1688 540 1718 Venerandus
564 1687 768 1726 principibus,

334 1732 461 1764 Effulsit
485 1733 578 1763 decus
602 1732 710 1763 mundi

336 1779 412 1810 Flos
436 1778 584 1818 paradisi,
611 1786 730 1817 gemma
755 1778 842 1810 caeli.

302 1852 307 1857 .
337 1824 489 1855 Familiae
511 1824 636 1855 Domini

382 1871 519 1909 prudens
544 1873 576 1901 et
598 1869 701 1901 fidelis

335 1917 540 1958 Dispensator
564 1917 813 1956 praedestinatus

381 1964 413 1994 in
439 1963 543 1994 caelis.

394 2082 439 2113 In
465 2084 495 2115 2.
521 2082 577 2114 No
589 2085 745 2117 cturno.

475 2165 664 2200 Antiphonae.

304 2256 310 2262 .
335 2231 372 2262 ln
397 2230 606 2269 tabernaculo,

337 2277 424 2315 Quod
448 2276 518 2308 fixit
531 2277 615 2308 Deus
641 2281 672 2308 et
694 2288 755 2310 non
773 2280 872 2321 homo,

338 2323 413 2354 Cum
437 2322 580 2354 Samuele
602 2324 783 2356 innocenter

381 2370 576 2401 ministrante
602 2370 799 2411 Gebehardo,

1010 230 1125 262 Merito
1159 230 1379 271 complacebat·
1396 232 1459 261 tam
1485 229 1552 261 Deo

1056 286 1147 316 quam
1171 280 1278 309 sancto
1294 277 1433 354 prlaaeggli
1451 276 1551 308 Guon-

954 380 984 410 2.
1010 379 1072 410 Hic
1096 380 1182 410 velut
1205 379 1286 409 alter
1309 387 1403 409 manu
1427 376 1519 410 fortis

1007 425 1233 457 Patrimonium
1257 424 1391 456 extorsit

1057 471 1261 502 coheredibus
1286 471 1362 510 suis,

1008 517 1053 549 Ut
1077 518 1220 548 decorem
1246 517 1398 548 exaltaret

1054 567 1127 594 tuae
1153 563 1326 595 dulcedinis

1007 611 1099 642 quta
1123 610 1180 649 sui,
1204 609 1345 650 Domine,

1055 656 1243 687 desiderium
1269 656 1382 687 cordiS.

974 735 980 741 .
1007 711 1155 742 Mirabile
1177 711 1344 750 negotium,

1006 757 1168 788 Placatum
1192 765 1286 795 posse

1051 803 1168 834 habere
1186 802 1353 834 Dominum

1007 849 1120 881 Oblata
1144 849 1205 880 sibi
1228 850 1416 888 parvissima

1008 895 1118 933 Gleba,
1145 896 1231 927 cuius
1256 898 1304 926 est
1328 897 1426 928 omnis
1451 900 1545 929 terra.

972 976 979 982 .
1004 951 1041 982 In
1066 951 1198 982 Domino
1222 951 1436 983 laudabuntur

1051 1006 1147 1036 opera
1169 997 1271 1036 huius,

1005 1043 1063 1081 Qui
1087 1043 1252 1074 seminavit

1051 1089 1084 1120 in
1108 1089 1387 1127 benedictionibus,

1003 1135 1060 1167 Cui
1083 1136 1161 1166 nihil
1186 1134 1296 1175 defuit,

1001 1181 1077 1212 Cum
1101 1191 1156 1213 sua
1179 1182 1282 1213 omnia

1046 1227 1236 1268 pauperibus
1262 1228 1410 1267 erogavit.

967 1307 974 1313 .
1001 1283 1064 1314 Hic
1087 1286 1172 1314 stare
1195 1281 1271 1313 fecit
1295 1286 1437 1314 cantores

1046 1331 1154 1361 contra
1177 1330 1278 1360 altare

998 1374 1042 1405 Et
1064 1375 1097 1406 in
1123 1384 1198 1407 sono
1224 1384 1329 1406 eorum

1049 1421 1154 1452 dulces
1180 1420 1256 1452 fecit
1279 1422 1398 1461 modos,

1001 1467 1079 1505 Quia
1103 1470 1144 1506 te,
1170 1468 1314 1507 Domine,
1342 1468 1432 1500 decet

1046 1514 1178 1553 hymnus
1202 1514 1236 1545 in
1261 1514 1345 1547 Sion.

967 1593 974 1600 .
1000 1569 1103 1600 Iustus
1125 1570 1186 1600 iste
1209 1570 1296 1600 venit

1042 1616 1156 1646 saliens
1181 1616 1264 1646 inter
1284 1618 1414 1653 montes,

999 1660 1190 1691 Transiliens
1216 1661 1320 1700 colles,

998 1705 1063 1737 Soli
1086 1706 1225 1738 iustitiae

1045 1753 1192 1783 assistens
1208 1753 1339 1792 pulcher
1364 1757 1395 1785 et
1409 1755 1540 1786 decorus

997 1798 1042 1829 Et
1064 1802 1100 1829 ut
1122 1799 1227 1838 palma

1046 1846 1164 1876 cunctis
1189 1846 1357 1878 virtutibus
1381 1845 1522 1880 floridus,

1132 1909 1335 1944 Responsoria.

967 1982 974 1989 .
1000 1955 1100 1987 Verus
1124 1957 1271 1989 Israelita
1295 1957 1512 1999 Grebehardus,

1000 2002 1168 2034 Parentum
1191 2004 1368 2035 hereditate

1046 2049 1263 2092 locupletatus,

999 2095 1152 2128 Terrenas
1176 2104 1251 2136 opes
1276 2105 1335 2136 pro
1360 2099 1504 2138 supernis

1044 2139 1203 2181 refutavit,

998 2186 1043 2218 Ut
1066 2187 1153 2218 Deus
1178 2197 1236 2228 per
1258 2190 1446 2229 prophetam

1045 2233 1255 2267 demandavit.

930 2280 966 2312 V.
996 2279 1143 2321 Divitiae,

1044 2325 1154 2366 inquit,
1180 2328 1206 2358 si
1231 2327 1372 2369 affluant,

999 2371 1106 2403 Nolite
1131 2382 1184 2405 cor
1210 2375 1379 2414 adponere.
