1650 2542
634 130 862 166 ...65—

238 227 283 258 In
308 228 339 260 2.
366 227 591 260 Nocturno.

317 300 509 335 Antiphonae.

143 383 152 392 .
177 357 361 390 Mirificavit
383 357 534 389 Dominus

178 405 321 436 Electum
346 413 434 435 suum
459 403 617 445 famulum,

179 452 276 490 Quem
301 450 476 482 dedicando
501 454 670 489 martyrem

178 497 298 529 Mundo
323 495 398 528 fecit
422 496 607 528 mirabilem.

145 579 152 585 .
179 553 273 585 Scuto
298 554 458 592 protectus
483 552 602 591 gratiae

178 598 319 631 Palmam
343 598 477 637 sumpsit
500 599 660 639 victoriae,

181 645 239 678 Cui
264 645 358 676 cessit
380 646 413 677 in
437 644 609 685 praemium

180 692 331 725 Caelestis
356 691 542 725 benedictio.

123 750 130 761 ⁶
146 772 153 780 .
178 747 315 779 Honoris
341 747 555 778 excellentiam

179 794 222 826 Et
247 794 467 832 sempiternam
495 794 625 833 gloriam

179 840 319 878 Sumpsit
340 843 461 879 martyr
485 840 625 879 egregius

180 885 257 918 Cum
284 885 402 918 civibus
427 885 623 918 caelestibus

311 959 514 993 Responsoria.

144 1038 151 1045 .
178 1015 240 1047 Hic
264 1018 388 1047 sanetus
412 1016 495 1046 inter
517 1015 658 1046 homines

177 1062 268 1093 More
291 1070 354 1093 non
378 1062 457 1093 vixit
478 1062 646 1102 hominum,

179 1108 258 1139 Nam
283 1108 424 1148 peritura
447 1109 569 1146 respuit

180 1154 286 1185 Solum
312 1156 437 1185 secutus
459 1154 646 1194 Dominum3

139 1225 145 1232 .
176 1200 348 1239 Flagrabat
372 1200 452 1231 enim
477 1199 602 1231 fortiter

178 1246 313 1278 Caelesti
339 1246 495 1278 desiderio

177 1293 220 1324 Et
243 1292 458 1324 blandimenta
480 1293 575 1324 noxia

176 1339 318 1370 Fuerunt
342 1339 371 1370 ei
395 1339 510 1371 taedio.

145 1418 151 1425 .
179 1394 330 1426 Labentis
354 1394 463 1426 mundi
485 1395 601 1434 gaudia

180 1440 375 1480 Contempsit
397 1443 432 1472 ut
456 1441 562 1472 inania

176 1487 220 1519 Et
243 1487 413 1526 reputabat
436 1486 592 1525 frivolum,

176 1533 335 1573 Quidquid
359 1533 496 1565 habebat
518 1534 701 1572 terminum3

138 1605 144 1612 .
176 1580 264 1618 Quod
288 1581 423 1611 mundus
447 1580 546 1611 suasit
572 1580 716 1619 dulciter,

178 1626 372 1666 Contempsit
395 1627 450 1658 ille
473 1626 608 1667 fortiter,

178 1672 295 1704 Nolens
320 1672 430 1705 fallaci
454 1673 566 1713 gaudio

179 1719 303 1751 Summo
329 1719 472 1752 fraudari
495 1720 645 1759 praemio.

122 1778 151 1808 ¹.
177 1775 252 1814 Quis
277 1784 338 1807 non
363 1775 506 1807 sollemni
530 1775 635 1806 studio

177 1822 237 1853 Dei
261 1822 392 1853 miretur
416 1822 558 1861 gratiam,

178 1868 235 1907 Qui
260 1872 368 1900 sancto
393 1877 448 1899 suo
473 1867 589 1900 famulo

177 1915 287 1948 Talem
314 1915 442 1947 donavit
465 1914 606 1954 gloriam,

136 1988 143 1995 .
175 1961 357 1994 Gementem
382 1962 415 1993 in
440 1961 550 1993 exsilio

173 2008 297 2041 Eduxit
322 2009 362 2041 de
386 2008 514 2040 miseria

173 2057 218 2088 Et
241 2056 410 2096 gloriosum
431 2057 602 2094 martyrem

174 2102 306 2134 Laetum
331 2102 408 2134 fecit
430 2102 463 2133 in
487 2101 600 2142 patria.

234 2177 279 2208 In
305 2179 336 2210 3.
360 2176 584 2209 Nocturno.

318 2251 511 2286 Antiphonae.

118 2311 148 2342 1.
175 2307 365 2347 Gerulphus,
390 2310 511 2347 martyr
534 2307 673 2347 inclitus,

181 2353 323 2387 Confisus
349 2357 396 2385 est
417 2354 449 2386 in
470 2354 617 2394 Domino,

158 2414 287 2440 Dreves,
307 2412 428 2435 Historiae
441 2412 593 2440 rhythmicae.
624 2411 663 2436 v1.

846 225 909 257 Per
932 231 1021 262 quem
1047 220 1180 253 caleavit
1203 219 1314 258 omnia,

848 271 933 309 Quae
954 268 1068 300 florent
1090 268 1123 298 in
1146 267 1206 298 hoc
1227 266 1361 297 saeculo.

815 371 822 379 .
848 346 944 383 Quem
969 342 1044 375 feeit
1069 350 1137 373 esse
1161 340 1311 372 Dominus

847 392 920 423 Sine
944 389 1068 421 mortali
1088 388 1220 430 macula,

845 436 1000 470 Perduxit
1021 435 1086 466 eius
1111 434 1244 465 animam

845 485 882 516 In
908 483 984 515 caeli
1006 480 1219 514 tabernacula.

815 587 820 592 f
846 559 964 599 Magna
988 556 1115 588 fuerunt
1137 554 1268 596 proelia,

847 606 932 644 Quae
954 603 1085 643 pertulit
1104 610 1161 640 pro
1184 601 1329 640 Domino,

844 652 967 684 Maiora
990 652 1094 680 tamen
1118 647 1258 687 praemia

845 698 995 730 Mensura
1018 695 1085 726 sine
1108 694 1251 725 termino.

974 787 1178 823 Responsoria

810 884 817 891 .
845 856 1038 896 Gerulphum
1057 855 1198 885 sanctum
1214 854 1384 891 martyrem

891 902 1013 934 Devote
1036 907 1229 938 veneremur,

843 948 888 981 Ut
912 949 953 979 ad
977 954 1112 986 superna
1133 945 1247 985 gaudia

891 995 957 1026 Per
980 993 1083 1032 ipsum
1107 991 1314 1030 sublevemur,

805 1068 812 1075 .
844 1041 902 1080 Qui
925 1039 1083 1072 Christum
1107 1037 1289 1068 subsecutus
1314 1040 1363 1068 est

890 1088 928 1119 In
952 1087 1053 1116 morte
1076 1083 1217 1122 salutari,

846 1135 884 1166 In
909 1136 974 1164 eius
1000 1138 1124 1170 semper
1147 1129 1292 1161 laudibus

893 1179 1043 1211 Curemus
1067 1176 1229 1216 gratulari.

811 1280 817 1287 .
847 1254 909 1285 Hic
932 1253 993 1284 tiro
1017 1253 1143 1283 sanctus
1166 1250 1304 1290 Domini,

890 1298 1072 1332 Virtutibus
1097 1299 1244 1339 armatus,

848 1343 933 1389 [Hic]
962 1344 1133 1376 dimicabat
1156 1342 1292 1382 fortiter,

890 1392 972 1424 Nam
996 1391 1095 1422 hostis
1121 1392 1167 1421 est
1189 1391 1383 1429 prostratus3

807 1466 813 1473 .
842 1439 951 1471 Hostis
975 1437 1108 1477 putabat
1129 1437 1264 1478 vincere,

894 1485 956 1518 Sed
979 1484 1050 1525 ipse
1075 1482 1134 1514 fuit
1159 1483 1270 1519 victus,

847 1532 929 1564 Nam
953 1531 994 1562 ad
1018 1530 1168 1561 honorem
1192 1529 1340 1569 martyris

894 1578 1017 1611 Finitus
1043 1578 1090 1607 est
1114 1574 1286 1609 conflictus

813 1681 821 1688 ,
846 1653 905 1693 Qui
929 1653 1026 1693 prius,
1055 1650 1156 1682 clarus
1182 1650 1304 1681 exstitit

893 1699 938 1732 Ut
961 1698 1076 1729 nobilis
1100 1705 1244 1736 persona,

845 1748 924 1779 Post
944 1746 1065 1783 martyr
1087 1742 1177 1774 fulsit
1202 1743 1317 1775 clarior

893 1792 969 1825 Cum
994 1799 1089 1822 aurea
1114 1798 1247 1830 corona,

808 1865 813 1872 ,
848 1840 926 1872 Eius
949 1836 1145 1870 orationibus

893 1887 932 1918 In
956 1884 1050 1916 terris
1075 1886 1287 1924 protegamur,

846 1933 891 1965 Ut
914 1931 1115 1971 sempiternis
1139 1930 1262 1970 gaudiis

892 1980 931 2011 In
957 1977 1052 2010 caelis
1076 1975 1286 2017 perfruamur.

938 2082 956 2115 I
963 2091 984 2113 n
1008 2081 1036 2113 L
1044 2090 1063 2113 a
1070 2090 1092 2112 u
1102 2081 1122 2112 d
1130 2081 1142 2112 i
1150 2080 1170 2112 b
1179 2089 1201 2111 u
1208 2089 1234 2113 s.

993 2155 1186 2190 Antiphonae.

792 2215 822 2248 1.
847 2213 900 2246 Ad
924 2213 1033 2245 laudes
1058 2212 1185 2244 Domini

895 2268 1057 2300 surgamus
1083 2259 1177 2291 corde
1200 2258 1321 2300 libenti,

851 2306 1049 2339 Laetabundi
1074 2306 1114 2338 de
1138 2305 1261 2346 gaudiis

853 2353 1007 2393 Gerulphi
1031 2353 1132 2386 sancti
1157 2351 1314 2392 martyris

1208 2405 1226 2434 5
