1650 2542
205 214 328 245 Pietate
351 215 499 247 laudatur

253 263 285 291 et
309 263 356 292 est
377 262 552 295 ineffabilis.

206 307 287 338 Dum
312 308 416 339 adhuc
439 310 607 342 tenerrima

247 356 406 385 teneretur
430 357 542 395 aetate,

205 399 329 431 Morum
353 401 515 433 sublimari

250 446 387 478 intendit
409 447 609 487 perfectione.

171 526 178 533 .
206 500 269 533 Ubi
291 504 383 540 pater

248 547 378 587 virginis
401 549 553 588 gloriosus

208 594 383 626 Communis
409 595 496 626 exitii

251 641 418 680 complevit
440 642 594 682 planctus,

204 686 287 717 Hinc
312 687 400 718 dolor
422 688 548 719 nimium
573 689 639 720 eius

250 734 470 773 praegravavit
494 735 639 776 animum,

205 780 457 817 Quattuordecim
480 782 560 812 enim

250 828 371 857 tantum
396 829 464 857 erat
488 836 647 860 annorum.

201 871 337 902 Matrem
361 873 515 911 gaudebat
532 875 740 915 superstitem,

203 917 269 955 Quo
294 918 358 948 eius
383 918 493 949 saltem
519 921 696 957 praesentia

248 963 383 994 animum
408 965 621 997 consolaretur
636 967 740 1005 pueri-

575 1013 645 1043 lem.

167 1088 175 1098 .
200 1063 301 1103 Igitur
324 1066 510 1098 venerabilis

245 1113 345 1142 mater
368 1112 496 1151 virginis

199 1156 336 1188 Hortatu
361 1159 497 1190 Amandi
520 1161 674 1198 praesulis

198 1203 234 1233 In
259 1203 421 1234 ecclesiam
444 1206 592 1244 propriae
618 1207 725 1238 domus

243 1251 463 1282 transmutavit
486 1250 613 1292 fastigia

197 1296 407 1328 consecrandi
431 1298 540 1337 gratia,

198 1341 291 1373 Unde
315 1351 436 1374 sacrum

197 1387 264 1419 Sibi
288 1389 409 1427 aptavit

242 1435 403 1466 velaminis
428 1436 559 1476 signum.

253 1546 300 1577 In
326 1548 356 1578 2.
384 1546 606 1580 Nocturno.

330 1620 521 1655 Antiphonae.

129 1673 159 1705 1.
186 1674 418 1707 Sacerdotalem
442 1678 541 1709 virum

231 1722 355 1754 nomine
377 1724 566 1764 Amandum,

186 1767 394 1809 Episcopatus
420 1780 541 1810 quoque

232 1814 348 1846 honore
371 1817 558 1857 praeditum,

185 1860 238 1891 Ad
262 1861 392 1901 virginis
416 1866 547 1895 matrem
574 1866 687 1897 direxit

228 1907 380 1940 Dominus
405 1910 548 1942 omnium.

126 1964 157 1996 2.
185 1963 280 2001 Quem
304 1964 361 1996 illa

228 2011 401 2051 suscipiens
424 2014 596 2053 gaudenter

181 2057 387 2090 Intentionem
411 2061 523 2092 mentis

229 2112 267 2135 ex
290 2106 401 2137 ordine

269 2151 420 2190 patefecit
441 2153 588 2188 fideliter.

119 2208 150 2239 3.
176 2206 256 2238 Inde
279 2215 402 2238 sacrum
427 2209 487 2241 sibi
510 2212 611 2243 mater

220 2253 343 2292 aptavit
366 2255 527 2288 velaminis
552 2258 682 2299 signum,

182 2299 367 2340 Placuitque
390 2303 527 2342 regulari

221 2346 345 2379 vinculo
369 2348 533 2389 subiugare
557 2351 703 2386 animum.

751 125 791 161 61

1000 221 1202 256 Responsoria.

818 278 847 309 1.
873 276 1004 314 Quidam
1028 278 1130 306 autem
1155 276 1311 308 diabolica

917 321 1029 354 fraude
1054 322 1176 361 decepti

870 369 1006 408 Virginis
1030 368 1233 400 inardescunt
1256 370 1355 400 amori

872 415 916 447 Et
938 415 1135 455 quaesierunt

918 470 985 493 eam
1008 469 1120 500 rapere
1143 462 1175 493 vi

870 508 914 539 Et
936 508 1064 540 tradere
1087 508 1206 547 nuptui.

803 554 839 587 V.
864 554 909 586 Ut
932 556 1035 585 autem
1059 557 1159 585 mater
1182 553 1365 586 defenderet

913 601 1041 640 virginis
1064 600 1252 641 abusionem,

869 647 946 678 Eius
970 647 1107 678 totondit

916 693 1026 733 capitis
1051 693 1228 724 caesariem.

816 750 845 780 2.
872 748 1044 780 Admonuit
1065 749 1170 787 itaque

914 795 1155 826 sacratissimam

957 843 1056 872 mater
1080 841 1230 881 virginem

866 886 981 918 Sacrae
1004 887 1109 918 subire

914 933 1154 964 consecrationis
1181 935 1320 965 velamen

866 978 910 1009 Et
933 979 979 1009 sic
1000 979 1154 1017 propositi

912 1033 1038 1056 servare
1061 1024 1166 1064 fidem,

867 1073 912 1103 At
933 1071 990 1102 illa
1015 1071 1159 1102 continuo

864 1117 1004 1149 Iubentis
1028 1117 1133 1156 paruit
1156 1118 1298 1156 imperio.

797 1164 830 1194 V.
860 1164 995 1195 Hortata
1019 1165 1066 1195 est
1090 1172 1211 1203 quoque
1235 1172 1303 1195 eam

909 1210 1027 1241 addere
1051 1210 1154 1241 adhuc
1176 1219 1252 1241 onus
1278 1211 1374 1250 oneri,

862 1257 908 1289 Ut
930 1257 1052 1296 pondus
1077 1257 1235 1295 regiminis

906 1302 1081 1341 imponeret
1104 1303 1173 1335 sibi.

805 1360 834 1390 3.
860 1358 985 1389 Timens
1010 1366 1083 1397 ergo
1108 1359 1320 1390 sacratissima

905 1404 993 1444 virgo
1019 1404 1195 1444 Gertrudis,

859 1450 909 1481 Ne
932 1449 1015 1482 forte
1037 1451 1071 1482 in
1097 1451 1294 1490 arrogantiae

902 1497 1057 1529 incideret
1079 1498 1271 1540 iactantiam,

860 1544 936 1574 Post
958 1544 1057 1575 multa

904 1590 1054 1621 virtutum
1080 1590 1231 1621 exercitia

859 1636 1028 1668 Pastoralis
1052 1637 1210 1676 regiminis

905 1683 1050 1722 deposuit
1072 1692 1176 1723 onera,

789 1729 823 1761 V.
858 1729 1015 1767 Quaerens
1041 1738 1113 1769 ergo

901 1775 1025 1808 Christo
1049 1777 1175 1817 placere

854 1822 897 1854 Et
920 1823 1020 1854 libere
1043 1832 1101 1863 per
1124 1824 1207 1856 viam

899 1870 1008 1901 salutis
1032 1871 1189 1904 incedere.

906 2010 951 2041 In
976 2011 1007 2042 3.
1034 2010 1259 2043 Nocturno.

1000 2103 1176 2139 Antiphona.

791 2169 820 2201 1.
848 2169 990 2207 Quadam
1009 2172 1113 2202 autem
1139 2171 1190 2203 die

847 2215 928 2246 Dum
954 2225 1172 2255 perseveraret

891 2262 979 2302 virgo
1003 2264 1034 2295 in
1060 2264 1212 2304 oratione,

844 2309 958 2348 Igneus
983 2310 1092 2350 globus
1116 2311 1251 2342 mittitur

892 2364 909 2386 e
933 2357 1013 2388 caeli
1037 2358 1164 2397 regione
