1650 2542
760 128 1010 164 -198-

325 226 454 264 Flagrat
476 233 579 256 amore
602 224 672 263 Dei,

369 271 487 310 sprevit
510 280 588 310 vaga
611 270 724 310 gaudia
743 269 859 308 mundi,

259 316 292 349 V.
324 318 380 350 Cui
403 326 459 348 rex
485 325 576 348 carne
598 319 688 355 pater

371 362 473 394 fuerat
496 363 662 402 reginaque
685 364 794 395 mater.

269 419 298 449 2.
326 418 510 457 Martyrium
534 418 652 456 sitiens,

368 464 516 494 libamina
541 463 681 494 Caesaris
705 462 845 501 horrens,

322 510 487 540 Exclamat
512 508 677 547 Christum,

368 557 492 593 praeter
526 562 615 592 quem
639 554 683 584 nil
708 562 856 585 veneran-

637 600 718 642 dum,

254 646 289 679 V.
319 645 496 676 Daemoniis
520 646 613 684 plena

366 695 437 722 sunt
461 692 546 731 haec,
571 692 625 732 ait,
651 692 737 723 idola
759 694 855 725 muta.

265 747 294 778 3.
319 746 406 776 Haec
426 747 653 786 quinquagenos

366 795 503 823 oratores
528 796 690 831 superatos

320 837 435 877 Dirigit
458 839 499 870 ad
524 840 625 870 caelos

366 893 470 915 aurum
497 885 582 915 velut
602 885 674 923 igne
697 886 854 927 probatos,

250 929 287 962 V.
315 928 464 961 Efficiens
486 933 581 961 testes

365 975 449 1015 fidei,
476 985 551 1015 quos
576 977 706 1016 pertulit
729 977 842 1008 hostes.

377 1095 421 1126 In
447 1097 477 1128 2.
502 1095 726 1127 Nocturno.

455 1168 644 1203 Antiphonae.

263 1224 293 1254 1.
320 1222 395 1254 Cum
420 1224 522 1255 adhuc
546 1228 627 1255 esset
649 1226 682 1255 in
707 1226 795 1256 annis

318 1268 411 1307 Virgo
436 1271 606 1308 puerilibus

317 1314 403 1345 Caris
431 1316 539 1347 orbata
562 1317 752 1358 parentibus,

317 1360 428 1391 Mundi
452 1363 640 1393 renuntiavit
662 1363 783 1401 opibus,

262 1416 293 1448 2.
318 1415 494 1447 Maxentius
517 1417 614 1448 instat
636 1418 748 1456 impius

317 1461 399 1492 Dum
422 1462 574 1493 idolorum
600 1464 742 1503 cultibus,

317 1508 426 1538 Puella
448 1517 522 1539 voce
546 1509 662 1540 libera:

317 1553 404 1584 Haec
428 1557 508 1593 sunt,
533 1556 655 1598 clamat,
684 1556 845 1588 daemonia

316 1599 359 1630 Et
382 1600 483 1631 Iesum
507 1604 546 1643 te,
575 1601 705 1641 Christe,
731 1603 827 1633 solum

317 1646 450 1676 Praebet
475 1655 566 1678 canos
590 1648 770 1687 virgineum.

261 1701 291 1732 3.
319 1699 432 1731 Caesar
456 1701 570 1732 electos
594 1705 743 1733 convocat

317 1746 467 1777 Rhetores
492 1749 523 1777 et
545 1748 760 1786 grammaticos

316 1792 475 1823 Adversus
497 1793 585 1823 illam
610 1793 815 1833 diputaturoS,

316 1837 397 1875 Quos
422 1838 546 1869 vincens
571 1840 656 1879 virgo

316 1883 426 1914 Fidem
452 1883 566 1916 Christi
592 1886 696 1917 docuit

314 1929 358 1960 Et
380 1933 532 1970 martyres
556 1931 624 1964 Deo

314 1974 431 2014 Dignos
455 1977 602 2008 exhibuit.

450 2050 649 2084 Responsoria.

261 2103 290 2134 1.
317 2103 341 2134 Ο
366 2113 455 2143 quam
480 2105 586 2137 felices

360 2158 417 2188 per
438 2153 481 2190 te,
506 2153 709 2193 sanctissima,
734 2154 850 2194 plures,

315 2196 395 2234 Quos
418 2196 503 2227 iubet
525 2199 627 2230 occidi

360 2251 417 2280 pro
436 2242 559 2275 Christo
575 2245 718 2276 turbidus
735 2246 849 2278 hostis!

245 2288 280 2319 V.
313 2287 385 2319 Cum
413 2289 491 2320 duce
514 2290 686 2331 Porphyrio

358 2333 395 2365 fit
416 2338 536 2376 martyr
560 2336 702 2370 Caesaris
726 2348 815 2372 uxor.

929 224 960 255 2.
985 223 1104 261 Impius
1128 222 1210 253 hanc
1235 221 1350 254 Caesar

916 408 954 439 V.

927 555 958 586 3.

913 832 949 865 V.

911 2296 946 2330 V.

1032 269 1101 299 sisti
1124 268 1211 299 iubet
1234 270 1307 300 ante
1330 267 1478 309 tribunal,

985 315 1076 347 Hanc
1100 318 1136 346 ut
1158 316 1328 353 pervertat,

1031 361 1112 392 sicut
1138 361 1231 392 draco
1258 361 1308 392 vel
1331 361 1381 392 leo
1406 362 1516 399 certat,

985 407 1045 438 llla
1072 410 1177 438 manet
1202 410 1346 438 constans

1032 462 1090 484 nec
1115 453 1233 485 blanda
1255 461 1314 484 nec
1338 461 1451 492 aspera
1476 461 1527 483 cu-

1303 508 1386 532 rans.

984 555 1079 594 Virgo
1102 553 1289 597 flagellatur,

1031 601 1199 632 crucianda
1222 600 1305 632 fame
1329 601 1495 640 relegatur,

987 647 1120 680 Carcere
1145 648 1250 678 clausa
1275 650 1389 687 manet,

1028 694 1082 724 lux
1107 693 1224 725 caelica
1248 692 1318 724 fusa
1339 692 1484 734 refulget,

982 739 1113 779 Fraglat
1136 739 1214 770 odor
1239 739 1349 780 dulcis,

1029 786 1109 817 caeli
1134 786 1209 816 dant
1233 786 1357 824 agmina
1380 785 1499 816 laudes.

979 831 1117 870 Sponsus
1145 834 1230 863 amat
1254 841 1410 870 sponsam,

1028 878 1166 909 salvator
1190 878 1296 909 visitat
1320 878 1418 911 illam.

1046 961 1092 993 In
1115 962 1145 993 3.
1166 960 1388 993 Nocturno.

1118 1033 1311 1068 Antiphonae.

946 1114 953 1121 .
981 1089 1157 1122 Gloriosam
1181 1091 1331 1130 virginem

979 1136 1143 1175 Tyrannus
1166 1137 1302 1176 imperat

978 1182 1229 1214 Excruciandam
1253 1183 1336 1214 fame

978 1228 1016 1259 In
1040 1237 1196 1260 carcerem
1220 1229 1350 1268 retrudi,

977 1274 1034 1306 Cui
1059 1283 1160 1305 escam
1181 1284 1239 1314 per
1264 1275 1437 1306 columbam

977 1320 1069 1351 Facit
1093 1321 1235 1353 Christus
1260 1321 1443 1354 ministrari.

977 1376 1038 1407 Illa
1061 1375 1127 1407 Deo
1153 1377 1225 1407 dum
1250 1377 1314 1416 agit
1335 1378 1462 1416 gratiam,

977 1422 1015 1453 In
1038 1422 1175 1453 tenebris
1199 1423 1254 1453 lux
1277 1423 1398 1462 emicat,

976 1467 1107 1506 Fraglat
1130 1469 1208 1500 odor
1223 1469 1350 1500 vincens
1368 1469 1517 1508 balsama,

975 1513 1077 1544 Adest
1101 1515 1201 1546 contio
1226 1516 1377 1554 angelica=

976 1559 1094 1591 Lacero
1120 1562 1243 1600 corpori
1269 1562 1416 1593 caelestia

975 1606 1138 1637 Adhibens
1162 1608 1377 1640 medicamina.

943 1684 950 1692 .
977 1660 1053 1692 Cum
1077 1664 1167 1693 coetu
1189 1663 1327 1702 virgineo

975 1707 1155 1738 Adveniens
1179 1709 1319 1741 salvator

977 1752 1114 1791 Sponsus
1138 1763 1284 1792 sponsam
1305 1756 1358 1795 pie
1380 1757 1497 1793 visitat,

977 1800 1161 1831 Consolatur
1186 1803 1217 1831 et
1240 1801 1383 1835 roborat:

978 1844 1128 1877 Constans
1149 1849 1225 1887 esto,
1250 1848 1304 1889 ait,
1329 1848 1404 1892 filia,

974 1891 1089 1922 Tecum
1114 1901 1169 1932 ego
1193 1903 1270 1934 sum,
1296 1904 1336 1926 ne
1358 1905 1484 1935 paveas.

1110 1966 1313 2001 Responsoria.

942 2044 950 2052 .
976 2020 1142 2053 Horrendo
1166 2023 1330 2056 subdenda

1023 2070 1160 2099 rotarum
1179 2070 1439 2114 machinamento,

978 2112 1073 2152 Virgo
1097 2113 1197 2145 Deum
1218 2116 1342 2157 clamat,

1023 2159 1063 2190 de
1087 2161 1181 2191 caelis
1205 2164 1332 2202 angelus
1356 2168 1449 2207 astat,

976 2204 1068 2244 Ecce,
1095 2208 1290 2245 repentinam

1024 2251 1100 2283 dant
1115 2253 1205 2292 plebs
1217 2259 1367 2296 rotaeque
1380 2260 1517 2300 ruinam;

975 2297 1146 2337 Tamquam
1171 2300 1336 2335 Chaldaeis

1024 2346 1179 2383 quondam
1203 2347 1314 2381 fornax
1337 2351 1519 2391 Babylonis,
