1650 2542
283 411 298 443 1

774 138 1028 173 —112—

678 229 723 260 38.
751 229 793 259 De
813 227 918 259 sancto
936 227 1125 264 Hieronymo.

407 293 451 323 In
479 292 507 324 1.
534 291 639 329 Vesp
651 289 741 321 cris.

474 354 662 389 Antiphonae.

337 411 407 442 Iens
434 419 491 450 per
512 410 619 441 mundi
644 410 759 440 circula

382 458 478 487 Astra
504 456 625 495 quaerit
646 456 836 494 Ieronymus‚

337 502 454 534 Gerens
479 502 573 533 vitam
594 502 823 543 pauperculam,

381 548 467 579 Sicut
487 547 644 586 praedixit
666 546 827 581 Dominus.

334 603 409 634 Eius
433 602 543 633 laudes
567 601 766 640 magnificans

380 648 423 680 Et
447 648 603 679 exsultans
629 648 806 685 exercebor,

333 694 514 726 Doctrinam
538 702 623 725 suam
647 695 808 733 applicans

379 740 422 772 Et
447 740 607 772 declarans
633 740 809 772 confitebor.

302 820 309 827 .
334 796 499 835 Repellens
524 795 576 826 hic
601 795 761 834 caliginem

377 842 527 874 Errorum
552 844 583 872 et
605 840 811 873 infiammatus

334 888 428 919 Sacro
453 888 591 927 spirante
614 886 738 919 flamine

377 934 437 965 Est
459 934 639 972 1eronymus
663 934 782 968 beatus.

334 989 445 1020 Omnes
469 988 577 1020 fideles
602 989 728 1028 pariter,

380 1034 464 1066 Caeli
487 1035 577 1076 cives,
605 1037 736 1074 cantate,

335 1080 452 1112 Christi
475 1081 629 1120 redempt-i
654 1082 812 1122 sanguine,

376 1126 572 1167 Ieronymum
595 1128 728 1161 laudate,

302 1207 308 1213 .
335 1181 456 1213 Novum
479 1185 616 1221 praestet
640 1183 829 1221 praesidium

377 1228 494 1259 Borma
518 1229 600 1260 vitae
622 1229 742 1268 beatae,

331 1274 415 1311 Quae
440 1275 559 1306 dotavit
581 1275 786 1315 Ieronymum,

377 1329 481 1351 omnes
506 1323 621 1362 gentes,
647 1322 782 1353 laudate.

444 1383 489 1410 Ad
507 1383 681 1419 Magnificat.

333 1439 357 1471 O
383 1449 472 1478 quam
496 1443 637 1472 sanctum
661 1442 857 1481 Ieronymum

378 1485 442 1517 Leo
469 1486 507 1517 de
531 1487 610 1518 silva
633 1488 803 1531 praedicat,

331 1531 386 1569 Qui
412 1532 636 1571 scripturarum
661 1535 813 1567 cumulum

372 1577 457 1609 Mira
480 1579 593 1609 virtute
618 1580 741 1619 enodat,

327 1623 467 1655 Ercmita
490 1624 650 1656 mirificam

329 1669 433 1700 Vitam
457 1679 566 1709 gerens
590 1672 782 1710 perlucidam

376 1715 459 1747 Caeli
484 1717 566 1748 cives
589 1717 746 1757 laetificat,

374 1762 458 1794 Caeli
481 1763 563 1794 cives
587 1763 773 1804 magnificat.

390 1845 450 1876 Ad
473 1845 736 1879 Matutinum.

448 1910 657 1937 1nvitatorium.

327 1964 438 1995 Omnes
462 1969 535 1997 ante
557 1969 753 2007 praesepium

369 2010 501 2042 Domino
525 2012 697 2053 iubilemus,

329 2056 403 2088 Cum
427 2056 518 2089 beato
541 2059 715 2100 Ieronymo‚

372 2102 490 2141 Venite,
517 2105 716 2141 exsultemus.

385 2185 429 2216 In
455 2186 484 2217 1.
509 2186 734 2223 Nocturno.

465 2249 655 2284 Antiphonae.

294 2328 303 2336 .
327 2305 460 2336 Intravit
484 2309 701 2340 monasterium

369 2351 494 2384 Ardore
517 2352 650 2386 inflamm
655 2358 723 2387 atus

1000 287 1083 318 Ante
1102 286 1163 317 Dei
1187 284 1404 325 praesaepium

1044 332 1225 372 Ieronymus
1248 331 1366 363 beatus

944 419 973 449 2.
1000 416 1088 447 Motu
1113 415 1227 447 resolvi
1252 413 1385 446 febrium

938 640 968 671 3.

938 1446 967 1476 2.

1045 462 1123 500 Quia
1151 461 1265 492 fratres
1290 459 1446 498 viderunt,

997 509 1194 547 Ieronymum
1227 534 1233 540 .
1260 534 1266 540 .
1293 531 1302 537 .
1332 534 1335 537 .

1041 554 1085 586 Et
1109 562 1204 593 quare
1228 552 1430 584 fremuerunt.

994 639 1067 679 Ipse
1092 637 1206 669 fratres
1228 636 1398 675 redarguit,

1042 685 1154 715 Plenos
1178 682 1396 723 amaritudine,

994 731 1047 770 Et,
1072 739 1112 761 ne
1134 728 1255 768 flerent,
1282 728 1452 766 admonuit,

1041 777 1104 809 Sed
1130 777 1349 808 decantarent:
1375 774 1518 806 Domine.

1129 878 1332 913 Responsoria.

996 945 1086 976 Vitae
1110 944 1292 983 praeclarae
1315 943 1475 983 speculum

1041 991 1084 1022 Et
1107 999 1216 1021 norma
1241 990 1426 1031 sanctitatis,

993 1038 1154 1069 Piissimus
1178 1037 1370 1079 Ieronymus‚

1039 1083 1157 1115 Doctor
1181 1083 1334 1122 veritatis,

995 1130 1085 1160 Vitae
1110 1130 1272 1161 exsolvens
1298 1129 1437 1160 debitum

993 1176 1050 1207 Ait
1073 1177 1136 1207 suis
1161 1175 1344 1214 prostratis:

995 1222 1091 1254 Sacco
1118 1230 1229 1261 corpus
1255 1221 1410 1261 eontegite

1041 1268 1166 1300 Nudum
1192 1268 1285 1299 humo
1309 1268 1480 1307 tradentes,

994 1314 1212 1353 Exspoliatum
1235 1314 1384 1355 vestibus,

1044 1361 1118 1392 Sitis
1140 1361 1349 1393 oboedientes.

994 1445 1108 1476 Pastor
1133 1447 1165 1475 et
1190 1445 1299 1476 doctor
1323 1446 1447 1488 optime,

1039 1491 1101 1523 Cur
1124 1499 1181 1522 nos
1206 1491 1253 1522 sic
1278 1492 1433 1523 desolatos

992 1536 1066 1568 Sine
1089 1538 1234 1578 praesule
1259 1538 1377 1569 deseris

1039 1583 1138 1615 Filios
1163 1584 1314 1616 enutritos

990 1629 1142 1661 Errantes
1173 1633 1204 1661 et
1227 1631 1393 1669 orphanos,

1037 1676 1117 1708 Oves
1141 1676 1230 1708 bonis
1254 1676 1422 1716 privatos?

988 1722 1082 1760 Erue,
1108 1726 1208 1763 pater,
1234 1722 1384 1763 profugos

1037 1769 1075 1800 In
1098 1771 1184 1801 terra
1208 1770 1320 1809 aliena,

990 1814 1061 1846 Non
1084 1815 1233 1847 habentes
1256 1816 1409 1856 refugium

1036 1861 1146 1901 Neque
1171 1863 1280 1894 salutis
1306 1872 1428 1897 venam.

958 1969 965 1977 .
990 1945 1108 1977 Terrae
1132 1947 1335 1985 asperitatem

1036 1991 1081 2023 Ut
1103 1993 1260 2030 persensit
1282 1994 1331 2024 vir
1352 1994 1421 2038 Dei,

988 2038 1180 2069 Iucundatus
1205 2041 1252 2069 est
1276 2039 1415 2079 nimium,

1036 2083 1127 2115 Fecit
1151 2092 1325 2116 sermonem
1350 2087 1426 2126 veri,

986 2129 1157 2160 Deiciendo
1181 2130 1259 2162 vitia

1035 2175 1202 2214 Plantavit‚
1229 2186 1309 2215 quae
1332 2183 1406 2211 sunt
1428 2181 1508 2224 Dei3

918 2221 956 2254 V,
985 2221 1134 2260 Regulam
1161 2222 1248 2253 dedit
1273 2223 1423 2258 fratribus

1034 2267 1159 2299 Fultam
1181 2268 1241 2299 Dei
1269 2271 1382 2303 timore

986 2313 1030 2344 Et
1053 2316 1194 2345 ornatam
1218 2316 1386 2349 virtutibus

1033 2358 1197 2392 Dominieo
1221 2370 1373 2396 sermone.
