1650 2542
768 102 786 123 ἑ

740 137 779 141 -
831 116 898 150 154
944 133 990 140 —-

237 216 261 243 1.
280 216 441 244 Infrunitae
459 215 582 242 feminae
898 205 927 233 2.
946 206 1008 233 Rex
1028 213 1131 232 aversa
1149 204 1225 231 facie

318 254 410 280 Furor
428 252 627 282 inflammatur,
982 243 1098 270 Lumini
1116 241 1242 273 rebellis,

283 291 359 317 Dum
381 290 416 316 de
435 289 510 316 thori
528 288 646 314 crimine
945 280 1083 306 Inimicus
1103 280 1215 314 gratiae

319 328 397 354 Iuste
417 325 618 361 proclamatur,
985 317 1060 343 Vere
1077 315 1241 351 versipellis

283 364 338 391 Sed
357 363 512 398 prophetae
531 361 671 396 sanguine
932 354 1012 381 'Iure
1031 355 1113 388 rupto
1134 353 1284 388 sanguinis

321 400 445 427 Cruenta
462 399 600 433 placatur,
982 391 1049 418 Vim
1068 391 1138 417 facit
1156 392 1284 423 naturae,

227 438 262 464 V.
284 437 470 463 Adversatrix
487 442 567 461 mens
586 433 699 459 virtutis
891 428 926 456 V.
951 428 1116 462 Dissipator
1135 427 1266 459 foederis,

282 473 443 508 Vilipendit
460 479 513 497 nee
533 469 656 497 attendit
947 464 1125 491 Adinventor
1145 463 1269 497 sceleris,

318 510 430 537 Monita
449 508 559 534 salutis.
984 501 1069 528 Pacis
1092 501 1225 528 violator.

226 557 267 583 In
286 553 312 582 3.
331 555 432 582 Noct.
451 553 543 587 Super
561 552 608 578 Ps.
629 551 680 577 hat
697 550 723 576 E
743 548 875 585 folgende
894 546 955 573 ΑΑε

243 600 267 628 1.
285 601 344 628 Hic
362 599 508 635 prophetis
530 598 623 630 altior,
945 594 986 620 Et
1003 594 1149 620 lucernam
1171 593 1282 627 gratiae

320 638 379 664 Iste
398 637 489 663 maior
508 635 624 662 homine
984 630 1127 658 Immundi
1145 638 1205 656 non
1222 629 1330 655 vident.

283 674 441 708 1ΜΒΡΘΘῙἈιθ
460 672 620 714 deSPOGffiOF
901 674 927 704 3.
949 677 1045 703 Triste
1063 677 1150 702 nimis
1170 675 1295 710 epulum,

318 711 426 737 Merces
446 709 529 736 datur
547 709 677 735 femmae.
986 713 1080 747 Capufl
1097 714 1129 739 in
1148 712 1277 744 scutella,

237 755 262 784 2.
282 758 426 784 Arbitrum
443 756 573 782 iustitiae
949 750 1033 783 Quod
1053 750 1137 785 quasi
1156 749 1309 775 ridiculum

320 793 482 820 Temulenti
502 792 597 818 rident
986 787 1090 814 Intulit
1108 786 1216 821 puella.

546 838 573 864 R
591 835 617 863 2.
643 836 803 864 Infrunitae
821 835 945 862 feminae
965 835 1017 860 etc.
1037 834 1076 867 B;
1096 834 1127 859 in
1148 833 1185 859 A:

610 883 645 910 R.
665 883 798 917 Baptista
818 880 926 907 Christi
944 880 1061 913 nobilis,

668 919 787 945 Amicus
808 918 916 945 Christi
935 916 1063 950 humilis⁷

702 956 748 982 'In
765 955 857 982 forma
875 954 1037 981 sanctitatis

666 993 722 1020 Pro
743 993 800 1019 tuis
821 992 929 1018 sanctis
949 990 1082 1025 precibus

672 1030 821 1064 Coniunge
839 1028 913 1055 caeli
933 1027 1054 1054 civibus.

610 1068 645 1094 V.
666 1067 735 1099 Ave,
756 1066 852 1092 fruens
872 1072 981 1092 summo
1001 1064 1088 1096 bono,

709 1103 817 1130 Sedens
840 1102 914 1129 caeli
936 1101 1018 1134 solio,

675 1141 792 1167 Intuens
813 1139 994 1166 divinitatem

707 1177 814 1204 Plenus
839 1177 916 1202 omni
936 1175 1051 1210 gaudio.

225 1226 264 1253 In
284 1226 391 1253 Laud.
419 1223 439 1250 R
468 1224 539 1251 fehlt
561 1224 670 1251 ABEF.
694 1237 731 1241 -
755 1224 808 1249 Per
833 1222 928 1249 Horas
956 1219 1002 1247 ΑΑ
1028 1229 1083 1247 nur
1108 1221 1138 1247 in
1163 1220 1196 1246 A.
1223 1234 1259 1238 —
1283 1220 1325 1246 In
1350 1218 1377 1246 2.
1404 1220 1510 1254 Vesp.

228 1263 320 1298 Super
338 1263 385 1289 Ps.
405 1262 455 1288 hat
474 1262 497 1288 B
517 1260 536 1288 4
556 1260 611 1294 ΑΑ,
634 1258 705 1287 1-3
723 1261 779 1286 wie
796 1259 822 1286 E
842 1260 873 1285 in
892 1256 919 1285 3.
940 1258 1024 1285 Noct.
1065 1258 1121 1284 Die
1139 1255 1166 1284 4.
1188 1257 1293 1284 lautet:

630 1307 692 1333 Rex
710 1306 868 1333 Iohannem
887 1304 1040 1336 metuebat,

630 1343 706 1375 Quia
726 1344 854 1369 sanctum
873 1341 951 1367 hunc
970 1341 1088 1373 sciebat,

671 1378 759 1407 Cuius
779 1379 862 1412 quasi
881 1378 1006 1405 stimulis

705 1417 810 1443 Verbis
829 1415 1019 1450 pungebatur,

632 1453 688 1480 Sed
709 1453 811 1480 infelix
829 1452 905 1479 male
923 1452 1036 1478 functus

632 1491 723 1517 Tanto
742 1491 804 1517 viro
824 1497 878 1516 nec
897 1491 1083 1524 compunctus

707 1527 831 1554 Mortem
850 1526 1020 1553 merebatur.

231 1577 275 1603 Ad
299 1576 396 1611 Magn.
422 1574 444 1600 Α
469 1575 607 1602 Iohannis
638 1574 711 1609 legis
736 1575 856 1601 termino
885 1572 947 1605 OE,
977 1572 1035 1607 vgl.
1061 1572 1097 1599 ad
1121 1572 1257 1599 Tertiam.
1301 1572 1366 1607 Vgl.
1391 1572 1438 1599 die
1463 1581 1511 1598 zu-

231 1614 385 1649 gehiirigen
404 1613 538 1646 Hymnen
558 1611 641 1638 Anal.
663 1611 763 1638 XXIH
781 1611 832 1638 Nr.
852 1608 906 1637 345
925 1609 953 1635 ff.

509 1755 555 1785 53.
584 1755 626 1785 De
646 1763 669 1785 s.
690 1754 824 1785 Iohanne
847 1754 919 1784 ante
938 1754 1061 1784 Portam
1083 1752 1234 1783 Latinam.

368 1833 414 1864 In
438 1833 469 1865 1.
495 1833 707 1872 VesperiS.
966 1831 1028 1862 Vas
1053 1830 1177 1862 fervens
1202 1831 1270 1862 oleo

235 1909 272 1940 R.
301 1906 423 1939 Munda.
446 1915 516 1937 earo
541 1907 639 1937 sancti
1013 1881 1089 1908 Vlfflt'
1112 1882 1233 1909 mustus
1259 1886 1305 1909 ΒΟ·

347 1953 358 1983 1
382 1961 432 1983 cer
674 1962 692 1976 0·
820 1953 827 1959 ·

302 1999 346 2030 Et
362 1951 729 2037 2203552103223‘33?
743 1954 840 1993 Μ
1082 1978 1127 2005 Aa
1146 1977 1322 2013 Magnifica..

350 2047 414 2075 rult
437 2044 477 2075 ad
501 2045 678 2096 ἦθ’-0133611134
700 2045 810 2082 Roma,
898 2055 937 2088 A.
968 2053 1102 2085 Servans
1127 2053 1214 2091 virgo
1240 2052 1425 2083 caelibatum

304 2091 406 2122 Intrat
428 2098 482 2120 vas
507 2090 576 2129 0161,
656 2137 663 2143 .
686 2137 692 2143 .
716 2137 722 2143 ·
967 2099 1045 2130 Fert
1067 2099 1202 2130 libamen
1227 2098 1294 2130 Deo
1319 2101 1440 2138 gratum

352 2145 405 2188 vas
429 2136 553 2187 plenum
577 2145 735 2188 permclffl,
1016 2145 1175 2176 eastitatis
1199 2145 1360 2184 gremium,

305 2182 329 2214 O
356 2190 401 2213 v1s
424 2190 504 2212 m1ra
527 2181 597 2234 Der,
648 2229 654 2234 Ι
969 2191 1077 2230 Neque
1103 2199 1196 2222 carne
1217 2199 1318 2230 neque
1342 2194 1446 2222 mente

350 2227 455 2258 fervor
479 2227 606 2259 Οῧθθᾶῑῖ
630 2236 667 2259 01-
968 2237 1043 2277 Egit
1064 2239 1167 2269 aestus
1191 2237 1273 2268 hune
1297 2240 1436 2279 repente,

237 2275 275 2309 V.
305 2275 416 2306 Letum
436 2273 536 2304 laetus
559 2273 627 2326 issif,
717 2321 723 2327 ι
1014 2283 1060 2314 Ut
1083 2283 1208 2314 amittat
1230 2284 1413 2323 praemium.

353 2320 457 2351 alacer
481 2322 649 2351 certamina
671 2319 750 2360 fimt,
