1650 2542
262 217 355 250 Sinac
383 224 472 253 vecta

306 274 399 298 manu
424 270 574 309 angelica.

201 319 233 351 2.
261 320 378 352 Christi
402 321 466 365 fide

308 369 394 407 pugil
419 371 610 412 accenditur,

263 411 339 444 Cum
363 414 517 448 nefandus

306 460 384 491 ritus
409 462 612 505 dignoscitur,

257 505 352 537 Duris
383 508 486 540 verbis

302 561 406 593 regem
431 555 626 598 adgreditur,

257 597 373 631 Factus
399 609 505 633 amens

301 645 397 677 iudex
423 647 599 689 deluditur,

187 690 224 721 V.
254 690 347 722 Stans
372 693 489 725 invicta

302 738 459 771 clauditur
481 750 616 785 carcere,

255 784 324 815 Non
350 787 486 818 terretur

299 832 404 863 verbis
428 842 487 864 nec
513 835 652 868 verbere.

200 886 232 917 3.
260 886 283 918 Ο
308 887 401 925 plena
426 888 493 920 Deo
518 891 630 933 anima,

797 137 864 172 205
911 160 958 164 —

932 235 1038 274 Lapsa
1062 237 1146 268 caelo

978 286 1145 314 cernuntur
1168 293 1313 324 munera;

930 328 1019 359 Tunc
1046 329 1153 368 regina

975 375 1059 406 subit
1083 377 1253 408 certamina

930 421 1009 452 Toto
1032 422 1128 453 corde

975 467 1105 499 tendens
1130 469 1171 500 ad
1195 470 1332 510 aethera,

862 513 897 545 V.
926 513 1018 544 Hanc
1043 523 1192 546 coronans

973 561 1060 599 virgo
1087 562 1267 594 corroborat

925 605 1120 644 Adepturam

971 652 1105 690 palmam
1130 654 1300 688 denuntiat.

869 708 899 738 2.
927 707 1019 739 Felix
1046 708 1141 751 virgo,

971 753 1003 784 in
1030 754 1114 786 cuius
1138 756 1222 787 labia

924 799 1026 832 Tanta
1051 802 1136 833 caelo

968 845 1110 878 funditur
1133 849 1243 888 gratia,

923 893 1010 930 Quod
1037 893 1196 925 doctorum

303 934 388 971 Quae
415 937 462 966 tot
488 936 630 969 doctores
655 947 795 982 superas,
969 939 1034 970 alta
1059 941 1187 972 Consilia

255 978 336 1010 Dum
361 980 420 1011 Dei
445 983 558 1021 pandis
583 984 693 1016 intima

297 1026 350 1057 Ad
373 1027 474 1065 ipsum
502 1032 614 1061 cuncta
637 1039 783 1071 revocas;

182 1069 218 1102 V.
252 1071 375 1103 Cultum
399 1082 533 1113 namque

295 1122 444 1157 negantes
469 1122 628 1153 numinum

248 1164 351 1196 Unum
378 1164 477 1196 Deum

295 1209 433 1242 fatentur
456 1213 632 1246 Dominum.

304 1331 350 1362 In
376 1333 407 1364 2.
435 1332 666 1368 Nocturno.

390 1405 580 1440 Antiphonae.

190 1460 205 1491 1
213 1486 220 1492 .
246 1459 418 1499 Scorpione
440 1462 576 1495 laniatur

290 1508 406 1539 Taetro
431 1517 557 1540 manens
585 1520 721 1551 carcerc,

246 1552 321 1585 Visu
346 1553 406 1585 Dei
431 1556 625 1588 confortatur

288 1599 333 1631 Et
357 1600 479 1633 cibatur
502 1611 639 1638 munere.

185 1656 215 1688 2.
239 1655 338 1686 Prece
362 1658 462 1688 rotam
489 1658 623 1698 dissipat

287 1702 365 1733 Dire
389 1703 568 1748 laniantem,

241 1747 342 1780 Saeva
365 1753 467 1782 morte
491 1753 611 1783 cruciat

286 1795 423 1828 Turbam
449 1796 640 1838 fatigantem.

184 1852 216 1883 3.
242 1851 363 1890 Regina
389 1853 460 1884 dum
485 1855 610 1892 prosilit

283 1897 377 1929 Fidei
399 1901 577 1942 praeconio,

239 1944 332 1976 Vitae
354 1946 489 1984 palmam
516 1948 648 1986 suscipit

285 1991 405 2031 Capitis
433 1994 598 2033 supplicio.

377 2067 581 2102 Responsoria.

180 2122 210 2155 1.
236 2122 285 2153 De
310 2124 441 2154 cxcelsis

283 2169 377 2201 beata
401 2171 525 2210 agmina

234 2215 337 2247 Missa
361 2222 472 2248 curant

282 2268 429 2302 suscepta
452 2266 590 2309 vulnera,

234 2308 318 2340 Dum
345 2310 471 2344 deorum

282 2358 452 2389 contemnit
474 2360 611 2402 numina,

923 984 1088 1016 Imitantur

969 1030 1027 1061 Dei
1056 1030 1189 1075 fastigia,

852 1075 887 1108 V.
918 1077 993 1109 Cum
1020 1077 1059 1108 de
1083 1078 1149 1109 Deo

968 1123 1051 1154 celsa
1074 1124 1206 1157 mirifica

919 1169 1001 1208 Ipsis
1025 1170 1132 1209 lingua

965 1216 1076 1254 pandit
1101 1218 1249 1257 angelica.

862 1272 892 1302 3.
918 1270 1026 1301 Rubus
1052 1274 1207 1310 quondam

964 1318 1078 1348 ardens
1103 1320 1260 1360 recolitur,

916 1362 998 1393 Dum
1023 1364 1112 1402 plebs
1138 1365 1230 1398 docta

961 1410 1025 1449 igni
1050 1410 1211 1452 subicitur,

914 1455 1002 1487 Pilus
1027 1457 1122 1488 vestis

960 1502 993 1533 in
1017 1503 1101 1534 nullo
1126 1505 1269 1549 laeditur,

914 1548 1016 1579 Rosae
1042 1549 1135 1581 decor

960 1594 1042 1626 facie
1065 1597 1235 1641 promitur3

845 1641 881 1672 V.
912 1641 953 1672 Hi
978 1643 1105 1673 odorem

961 1688 1070 1720 dantes
1095 1690 1268 1730 mirificum,

913 1733 965 1765 Sic
989 1740 1167 1768 mercantur

957 1783 1130 1820 praemium
1155 1785 1314 1820 caelicum.

948 1902 994 1934 Iu
1020 1905 1051 1937 3.
1079 1904 1303 1941 Nocturno.

1051 1977 1243 2013 Antiphonae.

852 2031 868 2063 1
908 2031 1015 2072 Regno
1043 2034 1130 2066 Vasti
1155 2038 1349 2079 aequiparas,

954 2079 1120 2112 Rachclem
1145 2084 1386 2126 pulchritudine¹

906 2124 1023 2157 Esther
1048 2131 1157 2167 rogatu
1183 2139 1312 2170 superas

952 2172 996 2203 Et
1018 2174 1124 2206 Iudith
1150 2175 1344 2213 fortitudine.

850 2227 879 2259 2.
907 2227 1028 2266 Sponsa
1049 2231 1131 2271 regis
1156 2234 1272 2265 curiam

952 2275 1055 2308 Intrat
1077 2279 1236 2320 gaudiosa,

908 2320 989 2352 Nam
1016 2324 1140 2362 palmae
1164 2327 1327 2360 victoriam

954 2368 1098 2402 Praefert
1121 2373 1266 2413 gloriosa.
