1650 2542
119 602 149 634 1.

115 750 145 781 2.

113 898 142 929 3.

177 194 351 226 Tribulatis
377 194 572 225 consolamen

179 240 223 272 Et
245 239 377 272 infirmis
402 240 456 271 dat
480 240 621 271 levamen

223 287 399 318 Dulcorans
423 286 574 325 miserias,

174 333 370 373 Languorem
393 332 495 364 morbi

224 380 338 411 tollens
366 381 414 410 est
436 379 522 409 utilis
547 378 625 409 orbi.

264 472 309 504 In
335 470 560 504 Laudibus,

306 545 501 580 Antiphonae.

174 602 212 633 In
235 601 377 641 Augusta
400 601 529 632 civitate

172 647 304 679 Sanctus
330 647 446 679 Gratus
473 646 625 686 dignitate

218 694 341 726 Potitus
368 696 416 725 est
438 692 602 733 praesulis.

173 748 264 780 Grati
288 750 354 781 vita
376 748 553 789 insignitur,

171 795 259 828 Sicut
281 796 431 835 scriptum
454 795 619 836 reperitur,

215 842 260 873 Et
283 841 383 881 fulget
405 841 573 873 miraculis.

171 896 320 928 Collectio
345 896 561 928 Thebaeorum

166 942 359 974 Probitatem
383 944 536 973 monstrat
558 950 678 973 morum

214 989 290 1021 Cum
313 989 476 1028 Baptistae
505 988 616 1027 capite.

790 196 821 228 4.
849 194 1023 234 Campanae
1046 199 1158 235 sponte
1181 201 1325 230 sonantes

846 242 889 273 Et
911 242 1025 273 mortui
1048 243 1232 284 relevantes,

893 288 967 326 Quis
991 286 1052 319 fuit
1074 289 1134 329 hic,
1163 290 1283 324 discite.

812 385 818 392 .
844 362 994 403 Augusta,
1018 371 1109 401 quam
1134 372 1166 394 es
1189 364 1308 404 inclita,

844 408 928 447 Quae
951 411 1037 440 tanto
1060 410 1176 448 gaudes
1201 411 1327 442 subdita

888 454 932 486 Et
954 455 1012 486 tali
1035 458 1177 496 patrono,

845 500 905 538 Qui
927 499 1008 532 facie
1030 502 1072 533 ad
1096 501 1207 534 faciem

842 546 978 578 Miratur
1002 547 1059 579 Dei
1084 549 1219 588 speciem

887 592 1049 633 Fulgentis
1070 595 1103 626 in
1129 596 1250 628 throno.

955 694 1000 721 Ad
1012 695 1193 723 Benedictus.

802 783 810 790 .
840 758 1037 791 Hierusalem
1062 769 1130 792 cum
1153 762 1305 803 Augusta,

841 804 950 837 Gaude
972 805 1036 837 fide
1059 807 1091 838 in
1115 808 1251 849 robusta,

884 851 965 882 Nam
989 853 1021 883 in
1045 854 1106 884 tuis
1130 853 1243 886 finibus

837 897 956 929 Mortui
979 904 1052 930 sunt
1076 901 1227 940 suscitati,

838 942 896 981 Qui
923 942 1047 976 fuerant
1070 946 1211 977 adnotati

882 990 920 1021 In
943 991 1096 1030 praesulis
1120 992 1275 1025 laudibus.

174 1069 253 1097 Offie.
275 1078 327 1096 ms.
348 1069 377 1097 S.
394 1070 476 1097 Grati
496 1077 570 1096 saec.
593 1067 635 1096 15.
667 1069 797 1097 Codicssl.
817 1078 869 1097 ms.
883 1071 1028 1099 Valerian.
1049 1070 1104 1099 72-
1126 1071 1168 1100 16.
1182 1074 1215 1101 A.
1236 1089 1273 1093 —
1292 1077 1376 1104 Brev.

93 1108 275 1143 Augustense
293 1108 361 1142 imp.
384 1104 459 1133 15**
479 1106 513 1133 B.
535 1121 571 1126 —
590 1106 631 1133 In
651 1104 676 1133 2.
696 1107 798 1134 Noct.
819 1106 841 1133 Α
861 1106 887 1142 2,
911 1107 925 1135 1
945 1110 1003 1136 Hic
1021 1111 1052 1136 in
1071 1111 1109 1145 133
1129 1110 1178 1138 hie
1196 1111 1268 1139 fehlt
1285 1113 1320 1139 A.
1340 1128 1344 1132 -
1374 1128 1376 1130 -

92 1144 133 1171 In
152 1144 261 1171 Laud.
282 1143 304 1170 Α
323 1143 350 1177 4,
371 1141 389 1171 3
409 1143 496 1170 dicite
515 1145 547 1171 B.
573 1157 607 1161 —-
632 1144 675 1170 In
696 1142 721 1170 2.
741 1145 843 1180 Vesp.
864 1145 900 1172 ad
918 1147 1014 1182 Magn.
1036 1145 1058 1172 Α
1081 1148 1238 1182 prosaiseh.
1265 1164 1301 1168 —
1320 1151 1368 1178 Diz

92 1182 153 1208 drei
172 1189 208 1208 zu
230 1182 338 1209 diesem
357 1180 490 1208 Officium
507 1180 663 1216 geh61-igen
681 1181 817 1216 Hymnen
835 1182 893 1217 vgl.
912 1182 996 1210 Anal.
1015 1184 1110 1219 XXII,
1129 1186 1179 1213 Nr.
1201 1184 1254 1212 122
1274 1195 1337 1223 sqq.

481 1326 526 1357 26.
555 1327 597 1357 De
615 1335 638 1357 s.
660 1326 806 1367 Gregorio
829 1328 860 1358 et
878 1328 982 1359 Sociis.

229 1414 276 1445 In
300 1414 331 1446 1.
356 1414 573 1452 Vesperis.

300 1505 491 1539 Antiphonae.

157 1570 327 1602 Habitator
350 1570 435 1602 Deus
461 1571 540 1603 caeli

202 1617 346 1656 Respicit
372 1617 510 1657 humilia,

155 1663 238 1694 Dum
262 1663 420 1695 submittit
442 1672 476 1695 se
500 1663 587 1695 fideli

203 1711 279 1750 Iugo
308 1710 425 1742 Christi
449 1710 583 1744 Mauria.

154 1775 248 1808 Cuius
273 1776 340 1807 nati
365 1775 437 1807 dum
462 1779 613 1808 vocantur

198 1823 228 1853 A
252 1830 325 1861 rege
348 1821 501 1862 perfidiae

151 1869 181 1900 A
205 1869 323 1900 virtute
347 1867 569 1900 confirmantur

196 1915 332 1948 Divinae
357 1915 547 1948 clementiae.

149 1980 348 2013 Maiestatem
372 1983 404 2012 et
427 1981 575 2013 virtutem

196 2027 268 2059 Non
292 2028 404 2059 timent
425 2028 560 2068 imperii,

147 2073 233 2107 Deus
257 2075 342 2106 solus
369 2075 424 2106 dat
447 2075 589 2115 salutem,

193 2120 265 2152 Non
288 2121 448 2153 hominum
470 2120 539 2155 filii.

149 2184 213 2217 Sua
236 2184 314 2225 Deo,
340 2195 396 2218 sua
419 2187 488 2228 regi

193 2231 280 2263 Dant
303 2233 336 2264 in
359 2234 469 2265 mundi
495 2234 624 2274 proelio,

144 2278 196 2310 Sic
219 2279 343 2318 utrique
366 2282 480 2319 parent
501 2281 573 2321 legi,

191 2324 260 2357 Deo
284 2326 328 2357 sit
350 2326 499 2360 laudatio.

774 1417 805 1448 5.
829 1416 999 1448 Benedixit
1023 1416 1108 1448 Deus
1132 1418 1224 1458 natis,

878 1463 935 1495 Cui
959 1462 1095 1494 ferventi
1118 1465 1232 1503 spiritu

831 1508 1012 1541 Servierunt
1035 1508 1169 1541 feritatis

877 1556 972 1587 Nullo
995 1556 1072 1587 moti
1096 1555 1232 1590 fremitu

758 1619 797 1651 R.
827 1619 931 1651 Mauri
955 1621 1056 1652 sancti
1079 1622 1248 1661 perstitere

873 1666 987 1699 Fortes
1011 1668 1044 1699 in
1070 1669 1240 1700 certamine

829 1712 968 1752 Suasque
994 1714 1183 1746 dealbavere

871 1759 974 1792 Stolas
996 1761 1069 1800 agni
1093 1762 1253 1802 sanguine,

824 1806 968 1848 Quorum,
996 1807 1130 1847 Christe,
1154 1817 1211 1840 nos
1235 1811 1324 1841 tuere

870 1853 975 1885 Fideli
999 1855 1187 1893 precamine.

754 1898 790 1932 V.
820 1899 908 1930 Nulli
931 1902 1052 1933 tantum
1073 1910 1216 1934 meruere

868 1946 982 1978 Mortis
1006 1947 1040 1979 in
1065 1949 1215 1989 examine,

821 1992 867 2024 Ut
889 1994 941 2034 qui
965 1997 1077 2035 sponte
1100 1996 1262 2028 tradidere

867 2039 908 2071 Se
931 2049 990 2080 pro
1015 2042 1132 2074 Christi
1156 2044 1290 2077 nomine.

939 2133 984 2160 Ad
1002 2134 1178 2170 Magnificat.

749 2189 788 2220 A.
819 2188 843 2220 O
868 2188 963 2222 beata
985 2191 1054 2223 Deo
1078 2194 1168 2232 grata

864 2236 1047 2270 Maurorum
1071 2240 1231 2282 memoria,

817 2282 953 2320 Quorum
976 2284 1068 2317 floret
1092 2289 1273 2318 consecrata

867 2329 985 2363 Cruore
1010 2332 1148 2373 Colonia,
