1650 2542
242 186 293 218 Ex
320 188 445 220 decreto
471 191 626 225 seniorum
997 196 1013 227 I
1022 205 1041 226 n
1066 196 1093 226 L
1101 206 1120 227 a
1128 206 1148 227 u
1159 197 1178 228 d
1189 197 1201 227 i
1211 197 1229 228 b
1237 206 1259 228 u
1267 206 1293 230 s.

244 234 489 266 Praecedentum
1026 260 1069 286 Ad
1088 260 1269 287 Benedictus.

242 279 448 312 Revertentes
472 283 618 314 Anicium
840 307 879 337 A·
912 306 935 338 0
960 309 1051 345 pater
1074 308 1212 347 pietatis,

242 325 322 403 gum
347 328 487 381 rehqun?
513 334 665 383 suscemss
911 352 979 384 Rex
1002 354 1151 384 immense
1172 354 1324 394 caelestis,

272 375 284 403 t
311 382 379 404 cum
405 383 485 405 omni
513 376 677 408 devotione
910 398 933 430 Ο
956 401 1097 437 potentia
1123 400 1237 443 divina,

243 418 414 451 Humiliter
438 421 661 474 subsequentes
908 446 1021 476 Potens
1047 446 1145 477 virtus
1170 448 1312 486 angelica

243 464 343 497 Fores
367 468 476 506 templi
503 468 664 501 obseratas
910 491 1025 522 Beatus
1050 492 1189 524 Evodius
1312 473 1319 488 ⁷

290 513 450 551 reperiunt
910 537 954 568 Et
977 538 1086 569 beatus
1111 538 1281 579 ScutariuS,

242 558 301 589 Del
327 561 573 592 m¹Ser¹⁰⁰rd¹am
911 583 991 615 Fide
1016 593 1146 623 quorum
1171 588 1200 616 et
1225 587 1344 617 meritis

292 606 506 638 reclamantes.

173 650 212 682 V.
242 651 341 690 Igitur
365 651 531 691 patefactis

243 698 336 730 Ultro
361 697 481 730 foribus

912 630 1056 661 Ecclesia
1081 632 1276 663 Vallanensis

908 676 959 707 Ab
985 677 1102 708 honore
1126 678 1258 709 omnium

245 745 469 783 Ingrediunmr
910 722 1051 754 Resultet
1077 722 1226 756 fidelium.

243 790 415 822 Modulatis
441 793 567 824 vocibus
979 807 1022 837 In
1047 809 1078 838 2·
1104 807 1312 846 Vesperi&

244 836 278 866 ln
304 838 412 868 laudes
435 838 504 870 Dei.
1028 869 1072 896 Ad
1092 870 1259 906 Magnificat

186 911 215 942 3.
243 909 358 941 Sancte
382 911 495 950 Evodi‚
521 911 707 953 flagitamus,
839 916 879 948 A.
908 916 931 948 Ο
957 925 1013 947 rex
1038 920 1225 957 sanctorum,

242 957 382 996 Impetra
405 957 494 988 nobis
519 959 579 989 tuis
602 960 756 998 precibus,
954 963 1007 993 lux
1032 966 1150 1000 sancta,
1175 964 1240 994 vita
1263 964 1423 1002 bonorum,

242 1002 286 1034 Ut.
309 1003 408 1041 ipsius
910 1008 982 1039 Dux
1008 1009 1068 1049 pie,
1094 1010 1145 1048 qui
1170 1009 1267 1041 iustos

243 1049 405 1081 Consortio
430 1051 597 1088 valeamus,
958 1055 1085 1086 deducis
1109 1057 1236 1086 tramite
1260 1060 1372 1096 rectos,

241 1095 339 1134 Regni
366 1096 451 1127 cuius
908 1100 1031 1140 Diligis,
1058 1110 1199 1141 exornaS,

241 1141 288 1173 Tu
308 1142 466 1181 particeps
492 1151 524 1173 es
550 1142 685 1176 effectus.
956 1148 1050 1178 vitam
1075 1149 1264 1187 praestando
1289 1145 1447 1193 [decoras]

171 1186 208 1218 V.
238 1188 301 1219 Ora
326 1197 382 1227 pro
408 1189 496 1220 nobis
521 1190 561 1221 ad
586 1190 697 1231 Deum,
907 1193 1021 1224 Evodii
1054 1194 1131 1224 votis

240 1233 424 1266 Beatissime
447 1235 561 1275 Evodi,
956 1236 1101 1283 [sanctis]
1127 1241 1253 1280 eiusque
1278 1243 1430 1273 consortis

239 1280 297 1318 Qui
321 1283 354 1312 te
379 1282 522 1321 dignatus
908 1285 974 1317 Nos
998 1286 1030 1317 in
1055 1289 1231 1319 sanctorum

239 1327 300 1359 Est
322 1328 411 1367 virga
435 1327 617 1367 pontificali.
956 1341 1082 1363 numero
1109 1330 1165 1376 [tu]
1192 1342 1274 1373 pone
1297 1337 1428 1367 tuorum.

261 1401 343 1427 Brev.
363 1409 415 1427 ms.
432 1401 586 1428 Aniciense
606 1410 679 1429 saec.
703 1401 745 1430 15.
777 1404 845 1431 Cod.
861 1405 953 1440 Capit.
968 1406 1097 1432 Anicien.
1119 1414 1141 1432 s.
1155 1415 1182 1432 n.
1199 1421 1232 1424 —
1246 1407 1286 1433 In
1308 1405 1331 1433 1.
1345 1407 1413 1434 Ves
1421 1416 1448 1441 p.

169 1435 191 1462 Α
217 1435 250 1470 4,
278 1435 295 1463 2
321 1437 457 1474 dogmata
474 1441 582 1465 notare.
606 1454 612 1457 -
661 1438 682 1464 Α
703 1439 736 1472 5,
763 1439 780 1466 2
800 1450 948 1469 numerum
962 1450 1118 1469 servorum.
1139 1457 1175 1462 —
1197 1441 1216 1469 Β
1239 1444 1395 1479 prcsaiseh.
1434 1460 1452 1463 -

168 1474 213 1500 Ad
232 1475 327 1510 Magn.
349 1475 376 1508 Α,
400 1475 416 1502 ’7
436 1477 587 1510 insignem.
607 1490 643 1494 —
661 1477 762 1511 Invit.,
784 1475 801 1505 3
822 1479 878 1512 Qui
898 1482 1035 1506 sanctum.
1060 1495 1093 1498 —
1121 1481 1164 1507 In
1186 1479 1209 1507 1.
1230 1482 1325 1508 Noct.
1348 1480 1367 1506 Β
1391 1480 1414 1516 1,
1436 1480 1452 1509 6

169 1513 273 1539 curiae.
292 1527 331 1531 ——
355 1510 375 1537 Β
398 1510 422 1545 1,
443 1511 459 1539 9
481 1512 561 1540 effici.
587 1527 622 1531 —
651 1511 670 1538 Β
694 1512 718 1549 1,
741 1513 775 1541 10
795 1517 923 1543 virentis.
944 1531 981 1535 —
1004 1515 1024 1542 Β
1054 1516 1083 1551 1,
1111 1516 1144 1544 11
1171 1526 1281 1553 semper
1305 1521 1390 1545 terra.
1415 1534 1451 1538 —-—

171 1546 190 1573 Β
212 1547 242 1583 2,
271 1550 288 1576 6
313 1551 487 1576 santissima.
514 1565 550 1568 —
577 1548 597 1576 Β
618 1549 643 1584 2,
667 1549 698 1578 11
721 1552 902 1580 salvatorem.
926 1568 961 1572 -—-
983 1552 1002 1579 Β
1020 1552 1046 1588 2,
1069 1553 1103 1581 12
1123 1554 1215 1590 Super
1234 1557 1336 1583 nwtis.
1356 1570 1393 1574 —
1412 1557 1453 1583 In

169 1584 195 1612 2.
209 1586 311 1613 Noct.
332 1585 354 1612 Α
373 1585 397 1619 1,
417 1586 436 1614 4
449 1587 502 1614 lies
516 1587 589 1614 fuit?
611 1604 642 1608 —
658 1586 678 1613 Β
694 1587 719 1621 2,
736 1587 750 1616 1
771 1592 908 1624 genetrix.
923 1606 960 1610 -—
981 1589 1001 1616 Β
1019 1589 1044 1625 2,
1065 1590 1082 1617 2
1103 1592 1279 1625 deponentis.
1301 1607 1336 1611 —
1358 1592 1377 1619 Β
1394 1591 1420 1625 3,
1435 1592 1453 1620 2

168 1632 276 1658 precor.
290 1638 323 1642 ——
348 1622 368 1649 Β
382 1622 408 1657 3,
423 1623 442 1651 4
459 1625 642 1661 Quor-umque
656 1627 744 1653 servis
762 1629 871 1662 premii.
888 1643 921 1646 —
945 1626 964 1654 Β
979 1626 1004 1661 3,
1020 1627 1036 1655 9
1056 1637 1108 1656 nos
1128 1630 1233 1657 mundo
1254 1632 1402 1666 coniunge.
1416 1646 1453 1650 —

167 1661 205 1687 In
226 1659 252 1688 3.
267 1663 364 1689 Noct.
385 1660 407 1687 Α
432 1660 457 1695 2,
478 1661 497 1689 4
515 1662 654 1698 Pompam
674 1667 890 1691 consueverunt.
904 1680 941 1684 —
964 1664 983 1691 Β
1012 1664 1040 1699 1,
1069 1664 1085 1693 6
1106 1667 1238 1694 Profecti.
1266 1683 1299 1686 —
1328 1666 1347 1693 Β
1378 1667 1407 1701 1,
1435 1668 1452 1694 7

168 1698 221 1724 Ad.
242 1714 277 1718 —
299 1697 318 1724 Β
342 1698 366 1732 1,
389 1697 423 1726 13
443 1699 602 1727 redeuntes.
622 1716 658 1719 —
681 1698 700 1725 Β
721 1698 747 1735 2,
769 1699 785 1728 9
806 1703 1000 1730 observantes.
1015 1717 1050 1722 —
1073 1702 1091 1728 Β
1113 1702 1138 1734 2,
1162 1703 1196 1732 16
1215 1705 1401 1733 Mcdulantis.
1416 1721 1452 1725 —

169 1733 188 1760 Β
210 1733 236 1768 3,
259 1735 293 1763 10
313 1736 450 1771 pontifici.
470 1751 507 1755 —
526 1737 574 1764 Ad
594 1738 737 1765 Laudes
761 1737 806 1764 ΑΑ
827 1741 984 1774 prosa-isch.
1008 1755 1044 1760 —
1068 1742 1110 1768 In
1129 1739 1155 1767 2.
1170 1742 1270 1777 Vesp.
1291 1743 1336 1769 Ad
1355 1744 1452 1778 Magn.

169 1771 205 1805 Α,
232 1773 249 1801 5
276 1782 425 1801 exornans.
451 1788 487 1792 —
511 1775 584 1801 Ibid.
606 1774 624 1802 8
648 1777 831 1803 consortium.
863 1793 900 1796 —
928 1779 984 1805 Die
1014 1779 1207 1814 zugehorigen
1231 1780 1367 1814 Hymnen
1394 1781 1452 1816 vgl.

168 1809 252 1838 Anal.
272 1811 324 1845 XI,
347 1809 400 1839 126
415 1820 456 1847 sq.

561 1922 586 1953 6.
625 1922 667 1953 De
688 1931 728 1953 ss.
747 1923 846 1954 Felice
869 1926 898 1955 et
917 1925 1059 1957 Adaucto.

911 2003 1011 2043 Super
1036 2004 1163 2035 caelesti
1188 2005 1275 2046 solio,

308 2020 352 2051 1¹¹
380 2019 410 2052 1·
439 2019 650 2059 vesperis·
911 2051 976 2081 Iam
1002 2059 1130 2090 quorum
1158 2052 1197 2083 de
1222 2053 1352 2094 collegio

354 2112 398 2139 Ad
418 2111 594 2140 Mawnificat.
910 2097 1030 2128 Totalis
1054 2099 1142 2137 pacis
1167 2099 1245 2130 visio

469 2137 485 2148 ‘²
955 2143 1080 2175 Gaudet
1102 2145 1134 2176 in
1159 2146 1341 2186 praeclaris,

168 2191 207 2222 A.
239 2188 263 2220 O
289 2187 451 2220 fortunata
474 2189 556 2230 unio,
911 2190 992 2228 Quos
1021 2194 1128 2223 nostra
1151 2192 1261 2224 laudat
1285 2194 1398 2237 contio,

240 2236 321 2267 Vere
345 2238 470 2267 sacrata
494 2236 612 2276 passio,
910 2236 953 2269 Ut
979 2237 1089 2269 horum
1109 2239 1282 2277 patrocinio

240 2283 264 2315 O
290 2284 463 2322 martyrum
489 2282 630 2314 condicio
909 2283 1077 2324 Iungamur
1102 2286 1304 2318 contubernio

286 2329 372 2361 Iuste
399 2329 552 2361 laurearis
956 2331 1098 2371 Perpetis
1123 2333 1245 2365 solaris,
