1650 2542
675 133 928 168 —125—

361 223 565 258 Responsoria.

196 313 204 320 .
230 287 412 319 Ducebatur
435 291 594 328 apostolus

229 334 280 365 Ad
306 335 463 366 victimam
488 336 568 371 sicut
592 347 699 380 agnuS,

231 381 305 413 Cum
331 381 442 412 videns
467 384 673 423 paralyticum

227 427 305 459 Fert
329 428 432 459 oranti
456 430 645 473 remedium,

190 499 196 505 .
228 473 309 505 Fide
332 474 443 512 plenus
469 478 500 506 et
523 477 646 516 merito,

230 519 293 558 Spe
318 521 474 559 gaudebat
497 522 528 552 in
554 523 698 558 Domino.

196 600 203 606 .
228 575 399 607 Admirans
425 576 540 609 Christi
565 580 696 618 gratiam

230 621 329 653 Iosias
355 623 457 661 poscit
481 625 601 657 veniam

226 667 386 700 clamans:
414 678 431 701 ο
457 674 566 702 sancte
584 672 707 711 Iacobe,

224 714 291 745 Fac
312 723 362 746 me
387 715 540 748 Christum
566 727 751 762 agnoscere3

188 782 195 789 .
225 760 379 793 Fundens
404 771 513 801 preces
539 773 605 795 cum
631 766 768 797 lacrimis

226 807 275 838 Ad
304 809 402 847 pedes
428 809 493 840 eius
516 811 663 849 procidit.

190 888 198 895 .
225 862 348 900 Quanta
371 863 496 895 refulsit
519 867 622 905 gratia

224 908 284 939 Per
308 909 454 941 Iacobum
479 912 512 942 in
536 912 628 952 Iosia,

225 955 267 987 Os
292 955 358 987 eius
383 958 495 996 pugnis
521 960 672 1000 caeditur,

224 1001 302 1040 Quia
323 1002 481 1034 Christum
505 1004 686 1047 confitetur3

183 1073 190 1080 .
220 1047 341 1087 Dignus
364 1057 437 1089 ergo
462 1059 530 1081 cum
555 1052 668 1084 Iacobo

221 1094 433 1126 Adiudicatur
457 1097 571 1135 gladio.

283 1233 328 1264 In
354 1235 385 1266 3.
412 1233 636 1270 Nocturno.

354 1324 544 1360 Antiphonae.

188 1415 194 1421 .
222 1390 326 1429 Ipsius
349 1400 482 1431 namque
504 1394 616 1425 merita

220 1435 298 1467 Sunt
322 1446 340 1468 a
364 1437 432 1469 Deo
457 1440 594 1471 exaltata

221 1483 423 1515 Peccatorum
448 1484 535 1517 fonte
558 1487 642 1520 trita.

187 1564 193 1571 .
219 1538 281 1569 Per
304 1539 451 1572 Iacobum
473 1541 506 1572 in
531 1543 648 1575 Iudaea

222 1585 288 1616 Lux
312 1584 387 1617 fidei
411 1585 501 1618 fulsit
524 1592 602 1629 orta,

218 1631 325 1663 Rectis
351 1633 446 1664 eorde
469 1634 597 1668 laetitia.

163 1680 191 1711 ‘.
219 1678 351 1713 Christo,
380 1680 464 1712 cuius
489 1684 593 1713 mente
615 1685 680 1716 tota

218 1723 363 1756 Servavit
387 1727 573 1768 testimonia,

219 1770 284 1801 Iam
311 1776 474 1811 corregnat
496 1775 530 1805 in
554 1776 662 1815 gloria.

349 1862 552 1898 Responsoria.

181 1942 188 1948 .
214 1917 280 1948 Iam
314 1918 474 1950 addictum
501 1930 603 1953 seeum
628 1933 747 1962 poenae

218 1963 299 1995 Dum
325 1965 457 1997 Iacobus
481 1967 567 1999 lavat
590 1968 685 2010 fonte,

218 2010 334 2043 Christi
361 2011 524 2045 confirmat
548 2018 579 2046 et
602 2015 665 2048 fide

212 2057 282 2089 Hoc
305 2059 500 2098 triumphans
525 2063 700 2105 comitante,

141 2104 180 2136 V.
209 2104 297 2135 Dans
322 2106 429 2137 oscula
453 2107 502 2138 illi
524 2109 611 2147 pacis

212 2150 407 2191 signansque
432 2158 526 2193 caput
547 2157 705 2196 martyris.

153 2208 183 2238 2.
213 2206 237 2238 O
264 2207 377 2239 caritas
401 2209 596 2251 admiranda,

211 2253 278 2292 Qua
302 2252 414 2294 ferves,
442 2256 558 2289 Christi
583 2259 719 2301 victima,

209 2299 290 2331 Dum
316 2300 398 2332 hosti
420 2303 523 2341 poscis
548 2306 669 2338 veniam

209 2347 372 2387 Regnique
395 2351 496 2383 tecum
520 2351 669 2394 gloriam3

826 230 863 263 V.
900 230 992 261 Nunc
1016 239 1088 269 ergo
1112 239 1236 270 gregem
1262 231 1385 272 adiuva,

900 277 967 315 Qua
990 277 1155 315 praecellis
1181 277 1353 308 clementia.

866 355 873 363 .
900 331 1035 371 Insignis
1059 332 1177 363 athleta
1199 333 1270 372 Dei,

946 378 1086 419 Iacobus,
1112 379 1249 410 salutare

905 423 1020 455 Christi
1043 425 1197 464 poculum,
1223 426 1305 464 quod

942 479 1001 509 par
1036 480 1123 502 amor
1146 470 1278 503 fratrum
1302 473 1438 514 sitiebat,

898 516 1013 547 Bibere
1038 517 1110 548 dum
1134 519 1256 557 meruit,

945 563 1064 602 primus
1089 565 1129 595 ad
1155 565 1363 596 desideratam

898 606 1026 652 (Regni)
1051 610 1155 641 sedem
1182 612 1369 649 conscendit,

942 659 1052 694 torque
1065 659 1095 686 et
1108 665 1249 696 purpura
1259 658 1437 698 decoratus3

856 723 863 729 .
897 701 961 732 Nos
985 710 1079 740 prece
1104 703 1197 734 ducat
1221 712 1266 745 eo,

942 756 1001 786 quo
1026 750 1164 788 gaudens
1189 749 1258 789 ipse
1281 753 1418 791 tropaeo.

981 887 1027 917 In
1051 888 1282 923 Laudibus,

1033 987 1224 1022 Antiphonae.

862 1077 869 1083 .
897 1051 1028 1082 Auctori
1053 1052 1190 1084 celebres

937 1100 1053 1137 pangat
1076 1099 1130 1137 pia
1156 1100 1257 1131 contio
1282 1100 1401 1140 laudes,

890 1143 1076 1183 Alternique
1101 1145 1187 1176 chori

937 1190 1045 1221 Iacobi
1069 1190 1258 1223 famulentur
1281 1193 1400 1224 honori.

855 1266 862 1273 .
892 1244 985 1276 Cuius
1007 1246 1039 1278 in
1065 1247 1197 1278 eeclesia

936 1291 1031 1322 micat
1052 1296 1085 1323 ut
1110 1294 1157 1324 sol
1181 1294 1336 1332 plenaque
1359 1295 1433 1326 luna

890 1337 971 1374 Vita,
997 1337 1086 1378 fides,
1111 1340 1266 1379 meritum,

933 1384 1042 1423 virtus,
1080 1386 1230 1428 doctrina,
1259 1389 1428 1426 tropaeum.

855 1463 862 1470 .
888 1439 940 1470 Ad
967 1439 1081 1471 Christi
1105 1450 1211 1473 vocem

935 1494 1002 1517 cum
1027 1488 1099 1519 navi
1124 1488 1213 1528 retia,
1239 1491 1371 1528 patrem,

886 1532 930 1563 Et
952 1533 1067 1565 mundo
1092 1534 1118 1565 si
1143 1535 1218 1574 quid

932 1580 1126 1624 possederat,
1154 1590 1245 1613 omne
1268 1582 1403 1622 reliquit.

850 1658 856 1664 .
885 1634 962 1667 Cum
986 1634 1095 1679 facies,
1124 1636 1257 1677 Christe,

930 1684 984 1713 tua
1008 1683 1178 1723 splenduit,
1204 1683 1308 1716 adfuit
1329 1685 1400 1726 iste,

880 1728 994 1759 Astitit
1016 1732 1049 1759 et
1070 1730 1177 1771 cellae,

929 1784 991 1814 qua
1013 1777 1139 1808 reddita
1166 1778 1230 1810 vita
1253 1780 1385 1818 puellae.

849 1854 856 1861 .
882 1830 978 1862 Sacra
1001 1841 1077 1863 voce
1101 1837 1211 1865 tonans

929 1878 1061 1909 Iacobus
1085 1880 1243 1920 signisque
1260 1891 1427 1915 coruscans

883 1923 983 1954 Filius
1009 1928 1057 1955 est
1077 1927 1211 1957 tonitrus

930 1969 1023 2009 digne
1048 1980 1115 2002 cum
1142 1971 1240 2005 fratre
1263 1978 1400 2008 vocatus.

1000 2062 1043 2090 At]
1062 2063 1243 2093 Benedictus.

843 2147 849 2155 .
880 2126 946 2158 Iam
971 2128 1069 2168 signis
1094 2133 1126 2161 et
1149 2131 1316 2165 virtutibus

880 2172 1008 2205 Hostem
1034 2177 1241 2216 supplantans
1265 2180 1407 2220 Iacobus,

878 2220 937 2258 Qui
959 2230 1017 2260 pro
1042 2225 1073 2254 te
1097 2222 1165 2256 fuso
1190 2227 1339 2266 sanguine

880 2265 995 2298 Tecum
1018 2273 1137 2312 regnat,
1162 2271 1234 2303 Iesu
1260 2273 1393 2312 Christe,

880 2312 946 2344 Nos
971 2314 1070 2353 ipsius
1095 2326 1153 2356 per
1176 2319 1288 2351 merita

879 2359 946 2391 Tua
968 2361 1019 2393 fac
1045 2363 1154 2404 dignos
1179 2366 1290 2406 gratia.
