1650 2542
688 112 938 146 —139—

180 200 211 231 5.
236 200 320 232 Laus
346 204 377 232 et
401 202 500 234 honor
524 204 656 237 Domino

280 247 318 278 111
344 249 475 279 excelsis
502 250 603 293 detur,

239 293 297 331 Qui
321 302 378 332 per
403 303 529 335 germen
553 297 691 329 Ioachim

282 340 419 372 Perditis
445 342 599 376 medetur.

980 208 1023 239 In
1046 209 1077 240 2.
1105 208 1315 248 Vesperis.

1031 280 1076 307 Ad
1094 280 1270 316 Magnificat.

841 338 879 370 A.
909 337 1154 377 Magnfficamus,
1181 336 1329 378 Ioachim,

956 384 1001 415 Te
1025 393 1116 416 avum
1140 385 1211 416 Iesu
1238 385 1362 423 Christi,

908 431 1076 470 Apostolos
1104 431 1265 463 duodecim

955 477 1109 516 Tempore
1128 478 1280 517 praeiisti,

909 522 957 553 Tu
980 524 1071 554 radix
1097 532 1128 554 es
1153 524 1310 563 plantaria

954 570 1121 601 Palmitum
1144 570 1303 609 nobilium,

908 615 955 646 Tu
982 616 1060 647 cella
1087 625 1119 647 es
1146 617 1267 649 vinaria

348 413 393 440 Ad
419 414 600 443 Benedictus.

165 469 206 501 A.
237 469 425 502 Benedictus
448 471 599 504 Dominus

236 516 376 548 Visitans
401 527 457 549 nos
483 520 656 550 comminus

284 562 347 594 Sua
370 564 436 595 miti
463 566 576 606 gratia,

235 608 374 640 Ioachim
397 611 450 649 qui
474 612 621 650 precibus

235 654 279 686 Et
303 658 418 688 sanctis
444 666 500 689 nos
527 658 648 689 actibus
959 663 1112 701 Paterque
1134 661 1220 694 floris
1245 664 1407 706 virginum,

282 702 423 735 Collocet
447 704 479 735 in
504 705 617 744 patria.
958 708 1020 740 Ora
1043 717 1101 747 pro
1127 709 1216 740 nobis
1241 709 1417 743 Dominum.

239 765 324 793 Brov.
339 767 499 795 Romanum
520 770 588 804 imp.
603 770 722 796 Parisiis
745 767 825 797 1531.
855 786 876 789 —
890 771 975 798 Iuvit.
991 769 1008 797 2
1022 772 1189 807 psallemus.
1207 788 1241 792 -
1255 774 1298 801 In
1313 772 1336 801 1.
1350 775 1378 802 N
1387 777 1451 802 oct.

166 799 186 827 R
214 799 240 836 3,
261 801 279 830 8
305 803 400 832 fehlen
427 807 498 833 zwei
518 805 632 841 Silben;
661 806 709 833 hic
735 807 771 834 ab
794 808 918 842 ergiinzt.
941 823 974 827 —
996 810 1051 836 Die
1076 807 1102 836 3.
1123 810 1210 837 Nokt.
1238 811 1290 837 hat
1308 820 1362 838 nur
1382 814 1452 839 zwei

166 837 225 875 BR,
249 849 306 867 von
327 841 418 868 denen
438 842 489 869 das
514 845 588 870 erste
609 844 758 879 prosaiseh
777 846 823 871 ist.
844 860 881 864 —
909 846 1058 880 Hyrnnen:
1091 847 1133 874 In
1155 846 1177 874 1.
1200 848 1319 883 Vae-ps
1346 849 1451 877 Gentes

163 877 328 913 redemptae
346 879 488 914 plaudite;
514 880 549 907 ad
570 881 668 908 Noct.:
698 881 807 908 Plaude
834 884 925 909 mater
953 884 1088 915 ecclesia;
1116 884 1153 910 ad
1179 885 1287 912 Laud:
1315 886 1451 914 Laetetur

163 915 237 942 caeli
261 917 356 950 curia3
384 917 469 943 Anal.
491 917 597 952 Hymn.
617 918 695 944 XVI.
716 918 766 945 ΝΥ.
793 916 864 952 302,
891 917 959 955 303,
995 918 1062 954 3043
1090 921 1121 947 in
1147 919 1171 947 2.
1192 922 1293 957 Vespa
1318 922 1341 949 O
1370 926 1452 958 pater

162 959 273 979 summe
292 953 421 980 Ioachim
440 955 571 989 puellae,
592 955 667 981 Dan.
687 955 710 987 I,
731 953 795 982 264.

601 1045 649 1076 48.
679 1045 722 1076 De
744 1046 848 1076 sancto
867 1045 1010 1076 Ioachim.

304 1123 350 1154 In
375 1123 404 1155 1.
431 1122 642 1162 Vesperis.

371 1196 561 1231 Antiphonae.

174 1251 204 1284 1.
231 1252 255 1283 Ο
282 1253 418 1284 Ioachim
440 1253 608 1284 laudabilis

231 1298 275 1329 Et
298 1299 391 1330 Anna
416 1300 612 1337 venerabilis,

231 1343 385 1376 Praesens
403 1349 510 1378 nostra
533 1346 671 1377 laudatio

232 1391 280 1422 Sit
304 1391 391 1423 vobis
417 1392 613 1431 supplicatio,

231 1438 278 1470 Ut
300 1446 358 1476 per
382 1447 436 1469 vos
461 1439 629 1469 liberemur

231 1484 262 1515 A
286 1484 376 1515 malis
402 1488 433 1515 et
456 1485 620 1517 salvemur.

174 1550 203 1580 2.
230 1549 273 1581 Hi
298 1557 348 1580 res
373 1558 454 1588 suas,
485 1559 561 1589 quas
587 1550 755 1589 habebant,

231 1596 269 1627 In
294 1598 358 1626 tres
383 1598 489 1635 partes
516 1596 710 1638 dividebant,

232 1642 372 1682 Templo,
399 1642 469 1681 sibi,
495 1643 686 1682 pauperibus

230 1688 336 1720 Rectis
364 1688 578 1728 divisionibus,

231 1735 327 1767 Bonis
354 1735 574 1768 oblationibus.

175 1801 205 1832 3.
231 1800 283 1831 Sic
306 1800 374 1832 Deo
400 1804 507 1832 sancte
530 1802 685 1844 vixerunt,

231 1846 324 1878 Prole
348 1850 452 1878 tamen
478 1851 643 1879 caruerunt

231 1893 292 1924 Per
316 1902 413 1934 3111193
439 1894 528 1933 quasi
553 1894 600 1925 bis
627 1895 733 1935 denos,

231 1940 277 1972 Ob
303 1940 364 1971 hoc
388 1940 448 1971 sibi
473 1941 558 1972 luctu
582 1941 701 1980 plenos.

172 2007 203 2037 4.
231 2005 273 2037 Hi
298 2014 317 2037 a
341 2006 557 2038 sacerdotibus

283 2052 329 2085 Ob
355 2053 415 2084 hoc
439 2053 605 2093 obiurgati,

229 2099 318 2139 Quod
343 2098 478 2131 fructum
502 2109 564 2132 non
590 2098 731 2132 fecerunt

275 2146 378 2178 Prolis
406 2146 526 2188 deitati,

232 2191 294 2224 Sed
320 2201 339 2224 a
362 2192 423 2224 Dei
448 2194 557 2234 angelo

277 2239 333 2272 Pie
359 2241 510 2272 consolati

229 2286 316 2324 Sunt,
343 2286 426 2325 quod
450 2289 555 2319 natam
579 2288 750 2327 gignerent,

276 2332 387 2365 Mundi
413 2334 621 2373 salvatricem,

848 1246 876 1276 5.

831 1634 870 1666 A.

906 1114 1053 1146 Nostram
1078 1124 1181 1147 caram
1208 1117 1373 1157 dominam,

951 1161 1008 1192 Dei
1032 1163 1230 1201 genetricem.

904 1245 945 1276 Hi
969 1247 1228 1284 promissionibus

944 1292 1040 1323 Plene
1062 1293 1224 1325 iucundati

899 1338 1127 1371 Collaudabant
1151 1340 1326 1372 Dominum.

942 1385 986 1416 Et
1010 1388 1045 1416 ut
1069 1386 1179 1425 pietati

899 1430 980 1462 Suae
1003 1441 1059 1463 nos
1085 1433 1258 1476 concilient,

944 1477 1011 1517 Ipsi
1034 1482 1107 1510 sunt
1130 1481 1240 1519 rogati.

1011 1570 1056 1597 Ad
1074 1572 1250 1607 Magnificat.

901 1638 1002 1668 Avete
1023 1639 1055 1667 et
1077 1638 1249 1680 salvemini,

902 1683 1044 1715 Gaudete
1069 1687 1100 1714 et
1123 1685 1292 1725 laetamini,

901 1730 969 1762 Orti
995 1730 1034 1762 de
1058 1731 1165 1762 radice
1189 1732 1285 1772 Iesse,

899 1776 1021 1808 Felices
1046 1781 1192 1816 parentes
1217 1779 1347 1819 Mariae,

900 1823 1037 1855 loachim
1063 1827 1094 1855 et
1116 1825 1218 1863 Anna,

899 1870 976 1901 Post
999 1871 1122 1910 longam
1148 1872 1345 1904 sterilitatem

900 1915 1014 1947 Sancto
1038 1918 1148 1956 angelo
1172 1918 1261 1949 vobis

898 1962 1105 1994 Promittente
1129 1963 1379 1997 secundationem

899 2008 949 2039 Ex
973 2009 1061 2041 vobis
1086 2011 1206 2049 prodiit
1230 2012 1317 2052 virga

900 2055 993 2095 Virgo
1021 2057 1201 2089 dulcissima
1224 2059 1337 2101 Maria,

900 2102 984 2140 Quae
1007 2104 1074 2135 sola
1098 2107 1253 2137 sustentat

898 2148 1033 2181 Nostrae
1056 2151 1200 2183 miseriae
1225 2153 1357 2187 ruinam.

900 2194 1136 2230 Celebrantibus
1161 2207 1234 2240 ergo

896 2241 1001 2274 Vestri
1025 2246 1205 2277 memoriam

898 2288 996 2323 Nobis
1021 2291 1188 2331 impetrate
1215 2294 1345 2333 gratiam

898 2335 941 2367 Et
964 2337 1217 2375 misericordiam.
