<?xml version="1.0" encoding="UTF-8"?>
<!DOCTYPE html PUBLIC "-//W3C//DTD XHTML 1.0 Transitional//EN"
    "http://www.w3.org/TR/xhtml1/DTD/xhtml1-transitional.dtd">
<html xmlns="http://www.w3.org/1999/xhtml" xml:lang="en" lang="en">
 <head>
  <title>
</title>
<meta http-equiv="Content-Type" content="text/html;charset=utf-8" />
  <meta name='ocr-system' content='tesseract 3.04.00' />
  <meta name='ocr-capabilities' content='ocr_page ocr_carea ocr_par ocr_line ocrx_word'/>
</head>
<body>
  <div class='ocr_page' id='page_1' title='image "./analectahymnica26drevuoft_00020.png"; bbox 0 0 1650 2542; ppageno 0'>
   <div class='ocr_carea' id='block_1_1' title="bbox 657 63 901 131">
    <p class='ocr_par' dir='ltr' id='par_1_1' title="bbox 657 63 901 131">
     <span class='ocr_line' id='line_1_1' title="bbox 657 63 901 131; baseline 0.008 -1"><span class='ocrx_word' id='word_1_1' title='bbox 657 63 715 120; x_wconf 65' lang='lat'>&#39;-</span> <span class='ocrx_word' id='word_1_2' title='bbox 763 97 901 131; x_wconf 84' lang='lat'>17—</span> 
     </span>
    </p>
   </div>
   <div class='ocr_carea' id='block_1_2' title="bbox 213 186 623 367">
    <p class='ocr_par' dir='ltr' id='par_1_2' title="bbox 217 186 623 277">
     <span class='ocr_line' id='line_1_2' title="bbox 217 186 550 221; baseline 0.009 -3"><span class='ocrx_word' id='word_1_3' title='bbox 217 186 344 218; x_wconf 85' lang='lat' dir='ltr'>Cunctis</span> <span class='ocrx_word' id='word_1_4' title='bbox 371 189 550 221; x_wconf 84' lang='lat' dir='ltr'>civitatibus</span> 
     </span>
     <span class='ocr_line' id='line_1_3' title="bbox 262 233 623 277; baseline 0.017 -14"><span class='ocrx_word' id='word_1_5' title='bbox 262 233 371 272; x_wconf 86' lang='lat' dir='ltr'>Fatur,</span> <span class='ocrx_word' id='word_1_6' title='bbox 398 237 433 265; x_wconf 88' lang='lat' dir='ltr'>ut</span> <span class='ocrx_word' id='word_1_7' title='bbox 455 239 623 277; x_wconf 83' lang='lat' dir='ltr'>armentur,</span> 
     </span>
    </p>

    <p class='ocr_par' dir='ltr' id='par_1_3' title="bbox 213 279 553 367">
     <span class='ocr_line' id='line_1_4' title="bbox 213 279 553 325; baseline 0.009 -15"><span class='ocrx_word' id='word_1_8' title='bbox 213 279 315 319; x_wconf 85' lang='lat' dir='ltr'>Regni</span> <span class='ocrx_word' id='word_1_9' title='bbox 341 280 553 325; x_wconf 77' lang='lat' dir='ltr'>dignitatibus,</span> 
     </span>
     <span class='ocr_line' id='line_1_5' title="bbox 263 326 539 367; baseline 0.007 -9"><span class='ocrx_word' id='word_1_10' title='bbox 263 326 307 358; x_wconf 85' lang='lat' dir='ltr'>Ut</span> <span class='ocrx_word' id='word_1_11' title='bbox 332 327 539 367; x_wconf 83' lang='lat' dir='ltr'>auxilientur3</span> 
     </span>
    </p>
   </div>
   <div class='ocr_carea' id='block_1_3' title="bbox 176 372 560 406">
    <p class='ocr_par' dir='ltr' id='par_1_4' title="bbox 176 372 560 406">
     <span class='ocr_line' id='line_1_6' title="bbox 176 372 560 406; baseline 0.008 -4"><span class='ocrx_word' id='word_1_12' title='bbox 176 395 182 401; x_wconf 94' lang='lat'>.</span> <span class='ocrx_word' id='word_1_13' title='bbox 214 372 433 404; x_wconf 80' lang='lat' dir='ltr'>Convenerunt</span> <span class='ocrx_word' id='word_1_14' title='bbox 458 375 560 406; x_wconf 81' lang='lat' dir='ltr'>cuncti</span> 
     </span>
    </p>
   </div>
   <div class='ocr_carea' id='block_1_4' title="bbox 263 419 735 458">
    <p class='ocr_par' dir='ltr' id='par_1_5' title="bbox 263 419 735 458">
     <span class='ocr_line' id='line_1_7' title="bbox 263 419 735 458; baseline 0.013 -9"><span class='ocrx_word' id='word_1_15' title='bbox 263 427 358 458; x_wconf 88' lang='lat' dir='ltr'>regno</span> <span class='ocrx_word' id='word_1_16' title='bbox 385 428 452 450; x_wconf 88' lang='lat' dir='ltr'>cum</span> <span class='ocrx_word' id='word_1_17' title='bbox 477 419 606 453; x_wconf 87' lang='lat' dir='ltr'>foedere</span> <span class='ocrx_word' id='word_1_18' title='bbox 628 423 735 456; x_wconf 87' lang='lat' dir='ltr'>iuncti.</span> 
     </span>
    </p>
   </div>
   <div class='ocr_carea' id='block_1_5' title="bbox 160 473 471 506">
    <p class='ocr_par' dir='ltr' id='par_1_6' title="bbox 160 473 471 506">
     <span class='ocr_line' id='line_1_8' title="bbox 160 473 471 506; baseline 0.006 -2"><span class='ocrx_word' id='word_1_19' title='bbox 160 477 188 505; x_wconf 76' lang='lat'>¹.</span> <span class='ocrx_word' id='word_1_20' title='bbox 216 473 379 505; x_wconf 81' lang='lat' dir='ltr'>Eustachii</span> <span class='ocrx_word' id='word_1_21' title='bbox 405 476 471 506; x_wconf 88' lang='lat' dir='ltr'>nati</span> 
     </span>
    </p>
   </div>
   <div class='ocr_carea' id='block_1_6' title="bbox 212 522 724 747">
    <p class='ocr_par' dir='ltr' id='par_1_7' title="bbox 216 522 724 607">
     <span class='ocr_line' id='line_1_9' title="bbox 263 522 724 564; baseline 0.009 -13"><span class='ocrx_word' id='word_1_22' title='bbox 263 524 415 552; x_wconf 90' lang='lat' dir='ltr'>venerunt</span> <span class='ocrx_word' id='word_1_23' title='bbox 438 522 479 553; x_wconf 88' lang='lat' dir='ltr'>ad</span> <span class='ocrx_word' id='word_1_24' title='bbox 504 522 587 554; x_wconf 85' lang='lat' dir='ltr'>bella</span> <span class='ocrx_word' id='word_1_25' title='bbox 611 525 724 564; x_wconf 84' lang='lat' dir='ltr'>parati,</span> 
     </span>
     <span class='ocr_line' id='line_1_10' title="bbox 216 566 489 607; baseline 0.007 -10"><span class='ocrx_word' id='word_1_26' title='bbox 216 566 342 598; x_wconf 83' lang='lat' dir='ltr'>Viribus</span> <span class='ocrx_word' id='word_1_27' title='bbox 367 569 489 607; x_wconf 86' lang='lat' dir='ltr'>armati,</span> 
     </span>
    </p>

    <p class='ocr_par' dir='ltr' id='par_1_8' title="bbox 212 611 647 700">
     <span class='ocr_line' id='line_1_11' title="bbox 262 611 647 656; baseline 0.01 -13"><span class='ocrx_word' id='word_1_28' title='bbox 262 611 336 644; x_wconf 86' lang='lat' dir='ltr'>forti</span> <span class='ocrx_word' id='word_1_29' title='bbox 363 615 532 646; x_wconf 82' lang='lat' dir='ltr'>certamine</span> <span class='ocrx_word' id='word_1_30' title='bbox 555 617 647 656; x_wconf 88' lang='lat' dir='ltr'>grati,</span> 
     </span>
     <span class='ocr_line' id='line_1_12' title="bbox 212 659 445 700; baseline 0.004 -10"><span class='ocrx_word' id='word_1_31' title='bbox 212 659 318 690; x_wconf 85' lang='lat' dir='ltr'>Armis</span> <span class='ocrx_word' id='word_1_32' title='bbox 345 661 445 700; x_wconf 90' lang='lat' dir='ltr'>ditati,</span> 
     </span>
    </p>

    <p class='ocr_par' dir='ltr' id='par_1_9' title="bbox 263 706 643 747">
     <span class='ocr_line' id='line_1_13' title="bbox 263 706 643 747; baseline 0.008 -11"><span class='ocrx_word' id='word_1_33' title='bbox 263 706 453 738; x_wconf 83' lang='lat' dir='ltr'>bellantibus</span> <span class='ocrx_word' id='word_1_34' title='bbox 478 708 643 747; x_wconf 85' lang='lat' dir='ltr'>associati;</span> 
     </span>
    </p>
   </div>
   <div class='ocr_carea' id='block_1_7' title="bbox 175 752 602 794">
    <p class='ocr_par' dir='ltr' id='par_1_10' title="bbox 175 752 602 794">
     <span class='ocr_line' id='line_1_14' title="bbox 175 752 602 794; baseline 0.005 -11"><span class='ocrx_word' id='word_1_35' title='bbox 175 776 182 783; x_wconf 90' lang='lat'><strong><em>.</em></strong></span> <span class='ocrx_word' id='word_1_36' title='bbox 214 752 286 783; x_wconf 88' lang='lat' dir='ltr'>Non</span> <span class='ocrx_word' id='word_1_37' title='bbox 311 756 402 791; x_wconf 87' lang='lat' dir='ltr'>pater</span> <span class='ocrx_word' id='word_1_38' title='bbox 426 754 482 785; x_wconf 89' lang='lat' dir='ltr'>hos</span> <span class='ocrx_word' id='word_1_39' title='bbox 505 755 602 794; x_wconf 88' lang='lat' dir='ltr'>novit,</span> 
     </span>
    </p>
   </div>
   <div class='ocr_carea' id='block_1_8' title="bbox 261 800 721 839">
    <p class='ocr_par' dir='ltr' id='par_1_11' title="bbox 261 800 721 839">
     <span class='ocr_line' id='line_1_15' title="bbox 261 800 721 839; baseline 0.007 -10"><span class='ocrx_word' id='word_1_40' title='bbox 261 807 337 837; x_wconf 87' lang='lat' dir='ltr'>quos</span> <span class='ocrx_word' id='word_1_41' title='bbox 362 800 455 839; x_wconf 82' lang='lat' dir='ltr'>longa</span> <span class='ocrx_word' id='word_1_42' title='bbox 478 801 608 832; x_wconf 88' lang='lat' dir='ltr'>remotio</span> <span class='ocrx_word' id='word_1_43' title='bbox 633 800 721 833; x_wconf 83' lang='lat' dir='ltr'>fovit.</span> 
     </span>
    </p>
   </div>
   <div class='ocr_carea' id='block_1_9' title="bbox 269 900 624 934">
    <p class='ocr_par' dir='ltr' id='par_1_12' title="bbox 269 900 624 934">
     <span class='ocr_line' id='line_1_16' title="bbox 269 900 624 934; baseline 0.008 -3"><span class='ocrx_word' id='word_1_44' title='bbox 269 900 314 931; x_wconf 92' lang='lat' dir='ltr'>In</span> <span class='ocrx_word' id='word_1_45' title='bbox 340 902 372 933; x_wconf 86' lang='lat'>3.</span> <span class='ocrx_word' id='word_1_46' title='bbox 397 900 624 934; x_wconf 86' lang='lat' dir='ltr'>Nocturno.</span> 
     </span>
    </p>
   </div>
   <div class='ocr_carea' id='block_1_10' title="bbox 350 973 542 1009">
    <p class='ocr_par' dir='ltr' id='par_1_13' title="bbox 350 973 542 1009">
     <span class='ocr_line' id='line_1_17' title="bbox 350 973 542 1009; baseline 0.01 -10"><span class='ocrx_word' id='word_1_47' title='bbox 350 973 542 1009; x_wconf 84' lang='lat' dir='ltr'>Antiphonae.</span> 
     </span>
    </p>
   </div>
   <div class='ocr_carea' id='block_1_11' title="bbox 178 1034 634 1074">
    <p class='ocr_par' dir='ltr' id='par_1_14' title="bbox 178 1034 634 1074">
     <span class='ocr_line' id='line_1_18' title="bbox 178 1034 634 1074; baseline 0 -7"><span class='ocrx_word' id='word_1_48' title='bbox 178 1060 185 1067; x_wconf 92' lang='lat'>.</span> <span class='ocrx_word' id='word_1_49' title='bbox 212 1034 422 1066; x_wconf 87' lang='lat' dir='ltr'>Barbarorum</span> <span class='ocrx_word' id='word_1_50' title='bbox 448 1036 494 1067; x_wconf 91' lang='lat' dir='ltr'>sic</span> <span class='ocrx_word' id='word_1_51' title='bbox 518 1036 634 1074; x_wconf 89' lang='lat' dir='ltr'>quievit</span> 
     </span>
    </p>
   </div>
   <div class='ocr_carea' id='block_1_12' title="bbox 210 1080 664 1206">
    <p class='ocr_par' dir='ltr' id='par_1_15' title="bbox 210 1080 664 1206">
     <span class='ocr_line' id='line_1_19' title="bbox 256 1080 563 1121; baseline 0.01 -11"><span class='ocrx_word' id='word_1_52' title='bbox 256 1080 440 1112; x_wconf 86' lang='lat' dir='ltr'>Tumefacta</span> <span class='ocrx_word' id='word_1_53' title='bbox 464 1082 563 1121; x_wconf 90' lang='lat' dir='ltr'>gloria</span> 
     </span>
     <span class='ocr_line' id='line_1_20' title="bbox 210 1126 664 1164; baseline 0.004 -7"><span class='ocrx_word' id='word_1_54' title='bbox 210 1126 307 1164; x_wconf 76' lang='lat' dir='ltr'>Quam</span> <span class='ocrx_word' id='word_1_55' title='bbox 331 1127 520 1159; x_wconf 87' lang='lat' dir='ltr'>Eustachius</span> <span class='ocrx_word' id='word_1_56' title='bbox 547 1128 664 1160; x_wconf 89' lang='lat' dir='ltr'>delevit</span> 
     </span>
     <span class='ocr_line' id='line_1_21' title="bbox 257 1173 538 1206; baseline 0.004 -1"><span class='ocrx_word' id='word_1_57' title='bbox 257 1173 376 1205; x_wconf 86' lang='lat' dir='ltr'>Habita</span> <span class='ocrx_word' id='word_1_58' title='bbox 400 1174 538 1206; x_wconf 86' lang='lat' dir='ltr'>victoria.</span> 
     </span>
    </p>
   </div>
   <div class='ocr_carea' id='block_1_13' title="bbox 178 1229 764 1317">
    <p class='ocr_par' dir='ltr' id='par_1_16' title="bbox 178 1229 764 1317">
     <span class='ocr_line' id='line_1_22' title="bbox 178 1229 588 1271; baseline 0.002 -11"><span class='ocrx_word' id='word_1_59' title='bbox 178 1254 185 1261; x_wconf 93' lang='lat'>.</span> <span class='ocrx_word' id='word_1_60' title='bbox 213 1229 375 1271; x_wconf 83' lang='lat' dir='ltr'>Agapitus‚</span> <span class='ocrx_word' id='word_1_61' title='bbox 401 1230 588 1269; x_wconf 88' lang='lat' dir='ltr'>Theopistus</span> 
     </span>
     <span class='ocr_line' id='line_1_23' title="bbox 253 1275 764 1317; baseline 0.006 -11"><span class='ocrx_word' id='word_1_62' title='bbox 253 1275 387 1307; x_wconf 89' lang='lat' dir='ltr'>Tentum</span> <span class='ocrx_word' id='word_1_63' title='bbox 396 1277 551 1316; x_wconf 86' lang='lat' dir='ltr'><strong>quoddam</strong></span> <span class='ocrx_word' id='word_1_64' title='bbox 558 1277 764 1317; x_wconf 84' lang='lat' dir='ltr'>intraverunt,</span> 
     </span>
    </p>
   </div>
   <div class='ocr_carea' id='block_1_14' title="bbox 208 1321 685 1401">
    <p class='ocr_par' dir='ltr' id='par_1_17' title="bbox 208 1321 685 1401">
     <span class='ocr_line' id='line_1_24' title="bbox 208 1321 648 1364; baseline 0.002 -10"><span class='ocrx_word' id='word_1_65' title='bbox 208 1321 416 1364; x_wconf 84' lang='lat' dir='ltr'>Conferendo‚</span> <span class='ocrx_word' id='word_1_66' title='bbox 444 1323 648 1362; x_wconf 85' lang='lat' dir='ltr'>colloquendo</span> 
     </span>
     <span class='ocr_line' id='line_1_25' title="bbox 257 1367 685 1401; baseline 0.005 -2"><span class='ocrx_word' id='word_1_67' title='bbox 257 1368 332 1399; x_wconf 85' lang='lat' dir='ltr'>Sese</span> <span class='ocrx_word' id='word_1_68' title='bbox 356 1367 470 1400; x_wconf 83' lang='lat' dir='ltr'>fratres</span> <span class='ocrx_word' id='word_1_69' title='bbox 498 1370 685 1401; x_wconf 86' lang='lat' dir='ltr'>didicerunt.</span> 
     </span>
    </p>
   </div>
   <div class='ocr_carea' id='block_1_15' title="bbox 175 1424 689 1466">
    <p class='ocr_par' dir='ltr' id='par_1_18' title="bbox 175 1424 689 1466">
     <span class='ocr_line' id='line_1_26' title="bbox 175 1424 689 1466; baseline 0.002 -10"><span class='ocrx_word' id='word_1_70' title='bbox 175 1450 180 1456; x_wconf 90' lang='lat'><em>.</em></span> <span class='ocrx_word' id='word_1_71' title='bbox 208 1424 381 1462; x_wconf 88' lang='lat' dir='ltr'>Theopista</span> <span class='ocrx_word' id='word_1_72' title='bbox 405 1425 484 1456; x_wconf 86' lang='lat' dir='ltr'>clam</span> <span class='ocrx_word' id='word_1_73' title='bbox 509 1425 569 1456; x_wconf 87' lang='lat' dir='ltr'>hoc</span> <span class='ocrx_word' id='word_1_74' title='bbox 592 1426 689 1466; x_wconf 90' lang='lat' dir='ltr'>audit,</span> 
     </span>
    </p>
   </div>
   <div class='ocr_carea' id='block_1_16' title="bbox 207 1470 705 1601">
    <p class='ocr_par' dir='ltr' id='par_1_19' title="bbox 207 1470 705 1601">
     <span class='ocr_line' id='line_1_27' title="bbox 255 1470 624 1511; baseline 0.003 -10"><span class='ocrx_word' id='word_1_75' title='bbox 255 1470 424 1502; x_wconf 86' lang='lat' dir='ltr'>Benedixit</span> <span class='ocrx_word' id='word_1_76' title='bbox 447 1471 624 1511; x_wconf 90' lang='lat' dir='ltr'>Dominum,</span> 
     </span>
     <span class='ocr_line' id='line_1_28' title="bbox 207 1516 659 1560; baseline 0.004 -13"><span class='ocrx_word' id='word_1_77' title='bbox 207 1516 412 1555; x_wconf 87' lang='lat' dir='ltr'>Redemptori</span> <span class='ocrx_word' id='word_1_78' title='bbox 436 1517 504 1548; x_wconf 89' lang='lat' dir='ltr'>Deo</span> <span class='ocrx_word' id='word_1_79' title='bbox 527 1518 659 1560; x_wconf 79' lang='lat' dir='ltr'>plaudit,</span> 
     </span>
     <span class='ocr_line' id='line_1_29' title="bbox 254 1563 705 1601; baseline 0.009 -8"><span class='ocrx_word' id='word_1_80' title='bbox 254 1563 310 1601; x_wconf 78' lang='lat' dir='ltr'>Qui</span> <span class='ocrx_word' id='word_1_81' title='bbox 339 1563 394 1594; x_wconf 86' lang='lat' dir='ltr'>dat</span> <span class='ocrx_word' id='word_1_82' title='bbox 417 1564 513 1595; x_wconf 91' lang='lat' dir='ltr'>vitam</span> <span class='ocrx_word' id='word_1_83' title='bbox 537 1564 705 1598; x_wconf 90' lang='lat' dir='ltr'>hominum.</span> 
     </span>
    </p>
   </div>
   <div class='ocr_carea' id='block_1_17' title="bbox 341 1637 544 1671">
    <p class='ocr_par' dir='ltr' id='par_1_20' title="bbox 341 1637 544 1671">
     <span class='ocr_line' id='line_1_30' title="bbox 341 1637 544 1671; baseline 0 -7"><span class='ocrx_word' id='word_1_84' title='bbox 341 1637 544 1671; x_wconf 85' lang='lat' dir='ltr'>Responsoria.</span> 
     </span>
    </p>
   </div>
   <div class='ocr_carea' id='block_1_18' title="bbox 176 1693 668 1733">
    <p class='ocr_par' dir='ltr' id='par_1_21' title="bbox 176 1693 668 1733">
     <span class='ocr_line' id='line_1_31' title="bbox 176 1693 668 1733; baseline 0.004 -9"><span class='ocrx_word' id='word_1_85' title='bbox 176 1718 183 1725; x_wconf 92' lang='lat'>.</span> <span class='ocrx_word' id='word_1_86' title='bbox 208 1694 261 1724; x_wconf 92' lang='lat' dir='ltr'>Ad</span> <span class='ocrx_word' id='word_1_87' title='bbox 287 1694 387 1725; x_wconf 88' lang='lat' dir='ltr'>virum</span> <span class='ocrx_word' id='word_1_88' title='bbox 413 1693 557 1733; x_wconf 87' lang='lat' dir='ltr'>profecta</span> <span class='ocrx_word' id='word_1_89' title='bbox 580 1698 668 1726; x_wconf 90' lang='lat' dir='ltr'>recta</span> 
     </span>
    </p>
   </div>
   <div class='ocr_carea' id='block_1_19' title="bbox 202 1740 707 2060">
    <p class='ocr_par' dir='ltr' id='par_1_22' title="bbox 202 1740 707 2060">
     <span class='ocr_line' id='line_1_32' title="bbox 206 1740 641 1779; baseline 0.002 -7"><span class='ocrx_word' id='word_1_90' title='bbox 206 1740 244 1772; x_wconf 89' lang='lat' dir='ltr'>In</span> <span class='ocrx_word' id='word_1_91' title='bbox 269 1740 399 1772; x_wconf 81' lang='lat' dir='ltr'>maxilla</span> <span class='ocrx_word' id='word_1_92' title='bbox 422 1741 560 1779; x_wconf 87' lang='lat' dir='ltr'>prudens</span> <span class='ocrx_word' id='word_1_93' title='bbox 584 1742 641 1773; x_wconf 92' lang='lat' dir='ltr'>illa</span> 
     </span>
     <span class='ocr_line' id='line_1_33' title="bbox 253 1786 510 1826; baseline 0.004 -9"><span class='ocrx_word' id='word_1_94' title='bbox 253 1786 381 1826; x_wconf 81' lang='lat' dir='ltr'>Sternit,</span> <span class='ocrx_word' id='word_1_95' title='bbox 409 1788 510 1818; x_wconf 82' lang='lat' dir='ltr'>cernit</span> 
     </span>
     <span class='ocr_line' id='line_1_34' title="bbox 301 1832 656 1874; baseline 0.008 -11"><span class='ocrx_word' id='word_1_96' title='bbox 301 1832 482 1864; x_wconf 82' lang='lat' dir='ltr'>Olcatricem</span> <span class='ocrx_word' id='word_1_97' title='bbox 509 1834 656 1874; x_wconf 88' lang='lat' dir='ltr'>vulneris,</span> 
     </span>
     <span class='ocr_line' id='line_1_35' title="bbox 205 1879 663 1923; baseline 0.004 -13"><span class='ocrx_word' id='word_1_98' title='bbox 205 1879 316 1910; x_wconf 80' lang='lat' dir='ltr'>Nescit</span> <span class='ocrx_word' id='word_1_99' title='bbox 341 1880 535 1920; x_wconf 86' lang='lat' dir='ltr'>coniugalem</span> <span class='ocrx_word' id='word_1_100' title='bbox 559 1881 663 1923; x_wconf 87' lang='lat' dir='ltr'>talem,</span> 
     </span>
     <span class='ocr_line' id='line_1_36' title="bbox 202 1926 644 1966; baseline 0.002 -9"><span class='ocrx_word' id='word_1_101' title='bbox 202 1926 299 1965; x_wconf 84' lang='lat' dir='ltr'>Quem</span> <span class='ocrx_word' id='word_1_102' title='bbox 324 1927 459 1966; x_wconf 81' lang='lat' dir='ltr'>agnovit,</span> <span class='ocrx_word' id='word_1_103' title='bbox 486 1927 536 1958; x_wconf 90' lang='lat' dir='ltr'>cui</span> <span class='ocrx_word' id='word_1_104' title='bbox 560 1928 644 1959; x_wconf 89' lang='lat' dir='ltr'>vovit</span> 
     </span>
     <span class='ocr_line' id='line_1_37' title="bbox 252 1973 396 2004; baseline -0.007 0"><span class='ocrx_word' id='word_1_105' title='bbox 252 1973 396 2004; x_wconf 83' lang='lat' dir='ltr'>Maritari</span> 
     </span>
     <span class='ocr_line' id='line_1_38' title="bbox 298 2019 707 2060; baseline 0 -9"><span class='ocrx_word' id='word_1_106' title='bbox 298 2019 362 2051; x_wconf 89' lang='lat' dir='ltr'>Sub</span> <span class='ocrx_word' id='word_1_107' title='bbox 387 2022 465 2051; x_wconf 88' lang='lat' dir='ltr'>nutu</span> <span class='ocrx_word' id='word_1_108' title='bbox 490 2019 707 2060; x_wconf 79' lang='lat' dir='ltr'>confoederis;</span> 
     </span>
    </p>
   </div>
   <div class='ocr_carea' id='block_1_20' title="bbox 162 2065 519 2106">
    <p class='ocr_par' dir='ltr' id='par_1_23' title="bbox 162 2065 519 2106">
     <span class='ocr_line' id='line_1_39' title="bbox 162 2065 519 2106; baseline -0.003 -7"><span class='ocrx_word' id='word_1_109' title='bbox 162 2092 170 2099; x_wconf 90' lang='lat'>.</span> <span class='ocrx_word' id='word_1_110' title='bbox 202 2066 290 2099; x_wconf 86' lang='lat' dir='ltr'>Clam</span> <span class='ocrx_word' id='word_1_111' title='bbox 316 2067 420 2106; x_wconf 87' lang='lat' dir='ltr'>coepit</span> <span class='ocrx_word' id='word_1_112' title='bbox 443 2065 519 2098; x_wconf 88' lang='lat' dir='ltr'>flere</span> 
     </span>
    </p>
   </div>
   <div class='ocr_carea' id='block_1_21' title="bbox 252 2113 746 2153">
    <p class='ocr_par' dir='ltr' id='par_1_24' title="bbox 252 2113 746 2153">
     <span class='ocr_line' id='line_1_40' title="bbox 252 2113 746 2153; baseline 0.004 -9"><span class='ocrx_word' id='word_1_113' title='bbox 252 2113 398 2145; x_wconf 84' lang='lat' dir='ltr'>lacrimas</span> <span class='ocrx_word' id='word_1_114' title='bbox 422 2114 573 2153; x_wconf 89' lang='lat' dir='ltr'>nequiens</span> <span class='ocrx_word' id='word_1_115' title='bbox 591 2114 746 2147; x_wconf 88' lang='lat' dir='ltr'>cohibere.</span> 
     </span>
    </p>
   </div>
   <div class='ocr_carea' id='block_1_22' title="bbox 165 2170 603 2209">
    <p class='ocr_par' dir='ltr' id='par_1_25' title="bbox 165 2170 603 2209">
     <span class='ocr_line' id='line_1_41' title="bbox 165 2170 603 2209; baseline -0.005 -5"><span class='ocrx_word' id='word_1_116' title='bbox 165 2196 173 2204; x_wconf 90' lang='lat'><strong>.</strong></span> <span class='ocrx_word' id='word_1_117' title='bbox 202 2170 226 2202; x_wconf 96' lang='grc' dir='ltr'><strong>Ο</strong></span> <span class='ocrx_word' id='word_1_118' title='bbox 253 2170 406 2209; x_wconf 81' lang='lat' dir='ltr'>Romane,</span> <span class='ocrx_word' id='word_1_119' title='bbox 433 2171 503 2202; x_wconf 91' lang='lat' dir='ltr'>vive</span> <span class='ocrx_word' id='word_1_120' title='bbox 528 2179 603 2202; x_wconf 87' lang='lat' dir='ltr'>sane</span> 
     </span>
    </p>
   </div>
   <div class='ocr_carea' id='block_1_23' title="bbox 183 2216 680 2397">
    <p class='ocr_par' dir='ltr' id='par_1_26' title="bbox 183 2216 680 2397">
     <span class='ocr_line' id='line_1_42' title="bbox 250 2216 539 2257; baseline 0.003 -9"><span class='ocrx_word' id='word_1_121' title='bbox 250 2216 342 2248; x_wconf 82' lang='lat' dir='ltr'>Dixit</span> <span class='ocrx_word' id='word_1_122' title='bbox 366 2217 539 2257; x_wconf 86' lang='lat' dir='ltr'>capitaneo,</span> 
     </span>
     <span class='ocr_line' id='line_1_43' title="bbox 201 2263 654 2296; baseline 0.002 -1"><span class='ocrx_word' id='word_1_123' title='bbox 201 2263 271 2295; x_wconf 85' lang='lat' dir='ltr'>Hac</span> <span class='ocrx_word' id='word_1_124' title='bbox 296 2265 329 2295; x_wconf 85' lang='lat' dir='ltr'>in</span> <span class='ocrx_word' id='word_1_125' title='bbox 354 2266 440 2295; x_wconf 88' lang='lat' dir='ltr'>terra</span> <span class='ocrx_word' id='word_1_126' title='bbox 463 2264 520 2296; x_wconf 88' lang='lat' dir='ltr'>sub</span> <span class='ocrx_word' id='word_1_127' title='bbox 543 2273 654 2296; x_wconf 85' lang='lat' dir='ltr'>acerra</span> 
     </span>
     <span class='ocr_line' id='line_1_44' title="bbox 248 2310 586 2352; baseline 0 -9"><span class='ocrx_word' id='word_1_128' title='bbox 248 2310 399 2343; x_wconf 88' lang='lat' dir='ltr'>Barbaris</span> <span class='ocrx_word' id='word_1_129' title='bbox 425 2311 586 2352; x_wconf 83' lang='lat' dir='ltr'>admoneo,</span> 
     </span>
     <span class='ocr_line' id='line_1_45' title="bbox 183 2367 680 2397; baseline -0.002 -5"><span class='ocrx_word' id='word_1_130' title='bbox 183 2369 309 2396; x_wconf 78' lang='lat' dir='ltr'>Dreves.</span> <span class='ocrx_word' id='word_1_131' title='bbox 325 2367 445 2391; x_wconf 75' lang='lat' dir='ltr'>Historiae</span> <span class='ocrx_word' id='word_1_132' title='bbox 458 2368 611 2397; x_wconf 77' lang='lat' dir='ltr'>rhythmicae.</span> <span class='ocrx_word' id='word_1_133' title='bbox 640 2368 680 2393; x_wconf 88' lang='lat' dir='ltr'>VI.</span> 
     </span>
    </p>
   </div>
   <div class='ocr_carea' id='block_1_24' title="bbox 818 193 1379 371">
    <p class='ocr_par' dir='ltr' id='par_1_27' title="bbox 818 193 1379 371">
     <span class='ocr_line' id='line_1_46' title="bbox 885 193 1281 225; baseline 0.005 -2"><span class='ocrx_word' id='word_1_134' title='bbox 885 193 990 223; x_wconf 89' lang='lat' dir='ltr'>Meum</span> <span class='ocrx_word' id='word_1_135' title='bbox 1015 193 1054 224; x_wconf 89' lang='lat' dir='ltr'>ob</span> <span class='ocrx_word' id='word_1_136' title='bbox 1079 193 1281 225; x_wconf 87' lang='lat' dir='ltr'>Eustachium</span> 
     </span>
     <span class='ocr_line' id='line_1_47' title="bbox 885 238 1251 270; baseline 0 0"><span class='ocrx_word' id='word_1_137' title='bbox 885 238 935 270; x_wconf 88' lang='lat' dir='ltr'>Da</span> <span class='ocrx_word' id='word_1_138' title='bbox 959 239 1067 270; x_wconf 89' lang='lat' dir='ltr'>salutis</span> <span class='ocrx_word' id='word_1_139' title='bbox 1091 239 1251 270; x_wconf 84' lang='lat' dir='ltr'>brachium</span> 
     </span>
     <span class='ocr_line' id='line_1_48' title="bbox 818 285 1217 327; baseline 0.003 -11"><span class='ocrx_word' id='word_1_140' title='bbox 818 285 853 316; x_wconf 94' lang='lat' dir='ltr'>V.</span> <span class='ocrx_word' id='word_1_141' title='bbox 890 285 943 325; x_wconf 86' lang='lat' dir='ltr'>Et,</span> <span class='ocrx_word' id='word_1_142' title='bbox 970 286 1018 316; x_wconf 84' lang='lat' dir='ltr'>vir</span> <span class='ocrx_word' id='word_1_143' title='bbox 1044 286 1217 327; x_wconf 85' lang='lat' dir='ltr'>praeclare,</span> 
     </span>
     <span class='ocr_line' id='line_1_49' title="bbox 931 330 1379 371; baseline 0.007 -9"><span class='ocrx_word' id='word_1_144' title='bbox 931 330 982 363; x_wconf 87' lang='lat' dir='ltr'>fac</span> <span class='ocrx_word' id='word_1_145' title='bbox 1005 340 1055 363; x_wconf 89' lang='lat' dir='ltr'>me</span> <span class='ocrx_word' id='word_1_146' title='bbox 1078 332 1137 363; x_wconf 89' lang='lat' dir='ltr'>tibi</span> <span class='ocrx_word' id='word_1_147' title='bbox 1163 333 1379 371; x_wconf 83' lang='lat' dir='ltr'>compatriare.</span> 
     </span>
    </p>
   </div>
   <div class='ocr_carea' id='block_1_25' title="bbox 815 387 1398 746">
    <p class='ocr_par' dir='ltr' id='par_1_28' title="bbox 815 387 1398 746">
     <span class='ocr_line' id='line_1_50' title="bbox 828 387 1229 427; baseline -0.002 -8"><span class='ocrx_word' id='word_1_148' title='bbox 828 388 858 419; x_wconf 87' lang='lat'>3.</span> <span class='ocrx_word' id='word_1_149' title='bbox 885 387 975 418; x_wconf 85' lang='lat' dir='ltr'>Hane</span> <span class='ocrx_word' id='word_1_150' title='bbox 999 396 1069 418; x_wconf 87' lang='lat' dir='ltr'>mox</span> <span class='ocrx_word' id='word_1_151' title='bbox 1093 388 1229 427; x_wconf 89' lang='lat' dir='ltr'>agnovit,</span> 
     </span>
     <span class='ocr_line' id='line_1_51' title="bbox 932 434 1359 467; baseline 0.005 -3"><span class='ocrx_word' id='word_1_152' title='bbox 932 434 979 464; x_wconf 88' lang='lat' dir='ltr'>cui</span> <span class='ocrx_word' id='word_1_153' title='bbox 1004 434 1121 465; x_wconf 86' lang='lat' dir='ltr'>blande</span> <span class='ocrx_word' id='word_1_154' title='bbox 1144 435 1222 465; x_wconf 85' lang='lat' dir='ltr'>talia</span> <span class='ocrx_word' id='word_1_155' title='bbox 1246 436 1359 467; x_wconf 89' lang='lat' dir='ltr'>movit:</span> 
     </span>
     <span class='ocr_line' id='line_1_52' title="bbox 884 479 1200 520; baseline 0.006 -10"><span class='ocrx_word' id='word_1_156' title='bbox 884 479 1073 511; x_wconf 85' lang='lat' dir='ltr'>Eustachius</span> <span class='ocrx_word' id='word_1_157' title='bbox 1104 481 1200 520; x_wconf 86' lang='lat' dir='ltr'>dicor,</span> 
     </span>
     <span class='ocr_line' id='line_1_53' title="bbox 930 526 1367 566; baseline 0.007 -10"><span class='ocrx_word' id='word_1_158' title='bbox 930 535 1008 557; x_wconf 87' lang='lat' dir='ltr'>uxor</span> <span class='ocrx_word' id='word_1_159' title='bbox 1032 526 1091 557; x_wconf 87' lang='lat' dir='ltr'>tibi</span> <span class='ocrx_word' id='word_1_160' title='bbox 1117 527 1215 558; x_wconf 90' lang='lat' dir='ltr'>dulcis</span> <span class='ocrx_word' id='word_1_161' title='bbox 1241 528 1367 566; x_wconf 89' lang='lat' dir='ltr'>amicor,</span> 
     </span>
     <span class='ocr_line' id='line_1_54' title="bbox 883 572 1268 613; baseline 0.005 -11"><span class='ocrx_word' id='word_1_162' title='bbox 883 572 927 603; x_wconf 89' lang='lat' dir='ltr'>Es</span> <span class='ocrx_word' id='word_1_163' title='bbox 952 581 1030 611; x_wconf 87' lang='lat' dir='ltr'>mea,</span> <span class='ocrx_word' id='word_1_164' title='bbox 1058 573 1130 604; x_wconf 88' lang='lat' dir='ltr'>dato</span> <span class='ocrx_word' id='word_1_165' title='bbox 1154 572 1268 613; x_wconf 90' lang='lat' dir='ltr'>fidem;</span> 
     </span>
     <span class='ocr_line' id='line_1_55' title="bbox 928 620 1398 659; baseline 0.013 -11"><span class='ocrx_word' id='word_1_166' title='bbox 928 620 999 649; x_wconf 88' lang='lat' dir='ltr'>tuus</span> <span class='ocrx_word' id='word_1_167' title='bbox 1024 622 1054 649; x_wconf 87' lang='lat' dir='ltr'>et</span> <span class='ocrx_word' id='word_1_168' title='bbox 1079 628 1156 659; x_wconf 88' lang='lat' dir='ltr'>sum,</span> <span class='ocrx_word' id='word_1_169' title='bbox 1183 620 1263 651; x_wconf 86' lang='lat' dir='ltr'>dixit</span> <span class='ocrx_word' id='word_1_170' title='bbox 1288 621 1398 655; x_wconf 87' lang='lat' dir='ltr'>eidem.</span> 
     </span>
     <span class='ocr_line' id='line_1_56' title="bbox 815 663 1182 705; baseline 0.011 -12"><span class='ocrx_word' id='word_1_171' title='bbox 815 663 852 696; x_wconf 92' lang='lat' dir='ltr'>V.</span> <span class='ocrx_word' id='word_1_172' title='bbox 883 663 992 695; x_wconf 83' lang='lat' dir='ltr'>Cuncti</span> <span class='ocrx_word' id='word_1_173' title='bbox 1016 665 1182 705; x_wconf 83' lang='lat' dir='ltr'>laetantur,</span> 
     </span>
     <span class='ocr_line' id='line_1_57' title="bbox 929 711 1365 746; baseline 0.011 -5"><span class='ocrx_word' id='word_1_174' title='bbox 929 719 1034 742; x_wconf 88' lang='lat' dir='ltr'>omnes</span> <span class='ocrx_word' id='word_1_175' title='bbox 1058 714 1089 742; x_wconf 91' lang='lat' dir='ltr'>et</span> <span class='ocrx_word' id='word_1_176' title='bbox 1112 712 1140 743; x_wconf 91' lang='lat' dir='ltr'>ei</span> <span class='ocrx_word' id='word_1_177' title='bbox 1165 711 1365 746; x_wconf 89' lang='lat' dir='ltr'>famulantur.</span> 
     </span>
    </p>
   </div>
   <div class='ocr_carea' id='block_1_26' title="bbox 970 812 1262 848">
    <p class='ocr_par' dir='ltr' id='par_1_29' title="bbox 970 812 1262 848">
     <span class='ocr_line' id='line_1_58' title="bbox 970 812 1262 848; baseline 0.014 -5"><span class='ocrx_word' id='word_1_178' title='bbox 970 812 1014 843; x_wconf 85' lang='lat' dir='ltr'>In</span> <span class='ocrx_word' id='word_1_179' title='bbox 1037 812 1262 848; x_wconf 82' lang='lat' dir='ltr'>Laudibus,</span> 
     </span>
    </p>
   </div>
   <div class='ocr_carea' id='block_1_27' title="bbox 1021 885 1210 920">
    <p class='ocr_par' dir='ltr' id='par_1_30' title="bbox 1021 885 1210 920">
     <span class='ocr_line' id='line_1_59' title="bbox 1021 885 1210 920; baseline 0.016 -9"><span class='ocrx_word' id='word_1_180' title='bbox 1021 885 1210 920; x_wconf 87' lang='lat' dir='ltr'>Antiphonae.</span> 
     </span>
    </p>
   </div>
   <div class='ocr_carea' id='block_1_28' title="bbox 824 941 1313 1120">
    <p class='ocr_par' dir='ltr' id='par_1_31' title="bbox 824 941 1253 1029">
     <span class='ocr_line' id='line_1_60' title="bbox 824 941 1233 974; baseline 0.002 -1"><span class='ocrx_word' id='word_1_181' title='bbox 824 941 854 973; x_wconf 84' lang='lat'>1.</span> <span class='ocrx_word' id='word_1_182' title='bbox 881 941 1034 972; x_wconf 82' lang='lat' dir='ltr'>Natorum</span> <span class='ocrx_word' id='word_1_183' title='bbox 1059 942 1233 974; x_wconf 85' lang='lat' dir='ltr'>absentiam</span> 
     </span>
     <span class='ocr_line' id='line_1_61' title="bbox 924 988 1253 1029; baseline 0.003 -10"><span class='ocrx_word' id='word_1_184' title='bbox 924 988 1020 1019; x_wconf 89' lang='lat' dir='ltr'>Pater</span> <span class='ocrx_word' id='word_1_185' title='bbox 1043 989 1253 1029; x_wconf 86' lang='lat' dir='ltr'>quaerulatur,</span> 
     </span>
    </p>

    <p class='ocr_par' dir='ltr' id='par_1_32' title="bbox 879 1033 1313 1120">
     <span class='ocr_line' id='line_1_62' title="bbox 879 1033 1313 1073; baseline 0.009 -9"><span class='ocrx_word' id='word_1_186' title='bbox 879 1033 926 1065; x_wconf 91' lang='lat' dir='ltr'>Ob</span> <span class='ocrx_word' id='word_1_187' title='bbox 953 1042 1081 1072; x_wconf 88' lang='lat' dir='ltr'>quorum</span> <span class='ocrx_word' id='word_1_188' title='bbox 1105 1036 1313 1073; x_wconf 87' lang='lat' dir='ltr'>praesentiam</span> 
     </span>
     <span class='ocr_line' id='line_1_63' title="bbox 924 1079 1246 1120; baseline 0.009 -10"><span class='ocrx_word' id='word_1_189' title='bbox 924 1079 1025 1111; x_wconf 85' lang='lat' dir='ltr'>Deum</span> <span class='ocrx_word' id='word_1_190' title='bbox 1051 1080 1246 1120; x_wconf 85' lang='lat' dir='ltr'>deprecatur.</span> 
     </span>
    </p>
   </div>
   <div class='ocr_carea' id='block_1_29' title="bbox 822 1135 1245 1307">
    <p class='ocr_par' dir='ltr' id='par_1_33' title="bbox 822 1135 1245 1307">
     <span class='ocr_line' id='line_1_64' title="bbox 822 1135 1169 1176; baseline 0.006 -11"><span class='ocrx_word' id='word_1_191' title='bbox 822 1136 852 1166; x_wconf 86' lang='lat'>2.</span> <span class='ocrx_word' id='word_1_192' title='bbox 878 1135 902 1166; x_wconf 95' lang='grc' dir='ltr'>Ο</span> <span class='ocrx_word' id='word_1_193' title='bbox 929 1135 1035 1167; x_wconf 84' lang='lat' dir='ltr'>divina</span> <span class='ocrx_word' id='word_1_194' title='bbox 1058 1137 1169 1176; x_wconf 84' lang='lat' dir='ltr'>gratia,</span> 
     </span>
     <span class='ocr_line' id='line_1_65' title="bbox 924 1181 1215 1215; baseline 0.01 -3"><span class='ocrx_word' id='word_1_195' title='bbox 924 1181 1042 1213; x_wconf 85' lang='lat' dir='ltr'>Suntne</span> <span class='ocrx_word' id='word_1_196' title='bbox 1066 1183 1126 1213; x_wconf 90' lang='lat' dir='ltr'>mei</span> <span class='ocrx_word' id='word_1_197' title='bbox 1148 1184 1215 1215; x_wconf 85' lang='lat' dir='ltr'>nati</span> 
     </span>
     <span class='ocr_line' id='line_1_66' title="bbox 880 1228 1245 1268; baseline 0.011 -10"><span class='ocrx_word' id='word_1_198' title='bbox 880 1228 940 1259; x_wconf 88' lang='lat' dir='ltr'>Per</span> <span class='ocrx_word' id='word_1_199' title='bbox 964 1230 1120 1259; x_wconf 82' lang='lat' dir='ltr'>terrarum</span> <span class='ocrx_word' id='word_1_200' title='bbox 1142 1231 1245 1268; x_wconf 86' lang='lat' dir='ltr'>spatia</span> 
     </span>
     <span class='ocr_line' id='line_1_67' title="bbox 924 1274 1218 1307; baseline 0.003 -1"><span class='ocrx_word' id='word_1_201' title='bbox 924 1274 994 1306; x_wconf 87' lang='lat' dir='ltr'>Vivi</span> <span class='ocrx_word' id='word_1_202' title='bbox 1019 1275 1068 1306; x_wconf 87' lang='lat' dir='ltr'>vel</span> <span class='ocrx_word' id='word_1_203' title='bbox 1092 1275 1218 1307; x_wconf 72' lang='lat' dir='ltr'>necati?</span> 
     </span>
    </p>
   </div>
   <div class='ocr_carea' id='block_1_30' title="bbox 821 1329 1315 1503">
    <p class='ocr_par' dir='ltr' id='par_1_34' title="bbox 821 1329 1315 1503">
     <span class='ocr_line' id='line_1_68' title="bbox 821 1329 1219 1370; baseline 0.008 -10"><span class='ocrx_word' id='word_1_204' title='bbox 821 1331 850 1361; x_wconf 86' lang='lat'>3.</span> <span class='ocrx_word' id='word_1_205' title='bbox 877 1329 1012 1361; x_wconf 87' lang='lat' dir='ltr'>Domina</span> <span class='ocrx_word' id='word_1_206' title='bbox 1036 1332 1219 1370; x_wconf 83' lang='lat' dir='ltr'>quantocius</span> 
     </span>
     <span class='ocr_line' id='line_1_69' title="bbox 923 1376 1315 1417; baseline 0.01 -10"><span class='ocrx_word' id='word_1_207' title='bbox 923 1376 1037 1408; x_wconf 85' lang='lat' dir='ltr'>Verbis</span> <span class='ocrx_word' id='word_1_208' title='bbox 1062 1377 1110 1408; x_wconf 91' lang='lat' dir='ltr'>his</span> <span class='ocrx_word' id='word_1_209' title='bbox 1135 1379 1315 1417; x_wconf 85' lang='lat' dir='ltr'>respondit:</span> 
     </span>
     <span class='ocr_line' id='line_1_70' title="bbox 877 1422 1182 1464; baseline 0.01 -11"><span class='ocrx_word' id='word_1_210' title='bbox 877 1422 1045 1454; x_wconf 83' lang='lat' dir='ltr'>Gratulare</span> <span class='ocrx_word' id='word_1_211' title='bbox 1069 1424 1182 1464; x_wconf 88' lang='lat' dir='ltr'>potius,</span> 
     </span>
     <span class='ocr_line' id='line_1_71' title="bbox 922 1469 1258 1503; baseline 0.009 -3"><span class='ocrx_word' id='word_1_212' title='bbox 922 1469 989 1500; x_wconf 87' lang='lat' dir='ltr'>Hos</span> <span class='ocrx_word' id='word_1_213' title='bbox 1014 1470 1080 1501; x_wconf 84' lang='lat' dir='ltr'>vita</span> <span class='ocrx_word' id='word_1_214' title='bbox 1104 1471 1258 1503; x_wconf 89' lang='lat' dir='ltr'>recondit.</span> 
     </span>
    </p>
   </div>
   <div class='ocr_carea' id='block_1_31' title="bbox 821 1524 1262 1698">
    <p class='ocr_par' dir='ltr' id='par_1_35' title="bbox 821 1524 1243 1558">
     <span class='ocr_line' id='line_1_72' title="bbox 821 1524 1243 1558; baseline 0.005 -2"><span class='ocrx_word' id='word_1_215' title='bbox 821 1526 852 1557; x_wconf 89' lang='lat'>4.</span> <span class='ocrx_word' id='word_1_216' title='bbox 881 1524 956 1556; x_wconf 88' lang='lat' dir='ltr'>Cum</span> <span class='ocrx_word' id='word_1_217' title='bbox 982 1526 1243 1558; x_wconf 86' lang='lat' dir='ltr'>commilitonibus</span> 
     </span>
    </p>

    <p class='ocr_par' dir='ltr' id='par_1_36' title="bbox 924 1571 1241 1615">
     <span class='ocr_line' id='line_1_73' title="bbox 924 1571 1241 1615; baseline 0.009 -14"><span class='ocrx_word' id='word_1_218' title='bbox 924 1571 995 1603; x_wconf 89' lang='lat' dir='ltr'>Vidi</span> <span class='ocrx_word' id='word_1_219' title='bbox 1026 1572 1081 1603; x_wconf 90' lang='lat' dir='ltr'>hos</span> <span class='ocrx_word' id='word_1_220' title='bbox 1105 1581 1241 1615; x_wconf 80' lang='lat' dir='ltr'>manere,</span> 
     </span>
    </p>

    <p class='ocr_par' dir='ltr' id='par_1_37' title="bbox 877 1617 1262 1698">
     <span class='ocr_line' id='line_1_74' title="bbox 877 1617 1262 1660; baseline 0.008 -12"><span class='ocrx_word' id='word_1_221' title='bbox 877 1617 1032 1649; x_wconf 85' lang='lat' dir='ltr'>Vacantes</span> <span class='ocrx_word' id='word_1_222' title='bbox 1057 1619 1262 1660; x_wconf 89' lang='lat' dir='ltr'>sermonibus,</span> 
     </span>
     <span class='ocr_line' id='line_1_75' title="bbox 921 1664 1214 1698; baseline 0.01 -3"><span class='ocrx_word' id='word_1_223' title='bbox 921 1664 1008 1695; x_wconf 89' lang='lat' dir='ltr'>Bene</span> <span class='ocrx_word' id='word_1_224' title='bbox 1032 1674 1066 1696; x_wconf 93' lang='lat' dir='ltr'>se</span> <span class='ocrx_word' id='word_1_225' title='bbox 1089 1666 1214 1698; x_wconf 88' lang='lat' dir='ltr'>habere.</span> 
     </span>
    </p>
   </div>
   <div class='ocr_carea' id='block_1_32' title="bbox 820 1719 1302 1901">
    <p class='ocr_par' dir='ltr' id='par_1_38' title="bbox 820 1719 1225 1809">
     <span class='ocr_line' id='line_1_76' title="bbox 820 1719 1215 1753; baseline 0.003 -1"><span class='ocrx_word' id='word_1_226' title='bbox 820 1721 850 1753; x_wconf 88' lang='lat'>5.</span> <span class='ocrx_word' id='word_1_227' title='bbox 877 1719 952 1751; x_wconf 84' lang='lat' dir='ltr'>Cum</span> <span class='ocrx_word' id='word_1_228' title='bbox 979 1720 1098 1753; x_wconf 89' lang='lat' dir='ltr'>directo</span> <span class='ocrx_word' id='word_1_229' title='bbox 1124 1722 1215 1753; x_wconf 87' lang='lat' dir='ltr'>citius</span> 
     </span>
     <span class='ocr_line' id='line_1_77' title="bbox 921 1766 1225 1809; baseline 0.007 -11"><span class='ocrx_word' id='word_1_230' title='bbox 921 1766 1038 1799; x_wconf 86' lang='lat' dir='ltr'>Nuntio</span> <span class='ocrx_word' id='word_1_231' title='bbox 1063 1771 1225 1809; x_wconf 89' lang='lat' dir='ltr'>venerunt,</span> 
     </span>
    </p>

    <p class='ocr_par' dir='ltr' id='par_1_39' title="bbox 875 1814 1302 1901">
     <span class='ocr_line' id='line_1_78' title="bbox 875 1814 1302 1854; baseline 0.009 -10"><span class='ocrx_word' id='word_1_232' title='bbox 875 1814 1011 1854; x_wconf 87' lang='lat' dir='ltr'>Patrem,</span> <span class='ocrx_word' id='word_1_233' title='bbox 1037 1818 1169 1846; x_wconf 88' lang='lat' dir='ltr'>matrem</span> <span class='ocrx_word' id='word_1_234' title='bbox 1190 1816 1302 1848; x_wconf 85' lang='lat' dir='ltr'>laetius</span> 
     </span>
     <span class='ocr_line' id='line_1_79' title="bbox 922 1860 1205 1901; baseline 0.011 -11"><span class='ocrx_word' id='word_1_235' title='bbox 922 1860 970 1891; x_wconf 87' lang='lat' dir='ltr'>llli</span> <span class='ocrx_word' id='word_1_236' title='bbox 993 1865 1205 1901; x_wconf 88' lang='lat' dir='ltr'>susceperunt.</span> 
     </span>
    </p>
   </div>
   <div class='ocr_carea' id='block_1_33' title="bbox 986 1933 1232 1964">
    <p class='ocr_par' dir='ltr' id='par_1_40' title="bbox 986 1933 1232 1964">
     <span class='ocr_line' id='line_1_80' title="bbox 986 1933 1232 1964; baseline 0.008 -4"><span class='ocrx_word' id='word_1_237' title='bbox 986 1933 1031 1961; x_wconf 85' lang='lat' dir='ltr'>Ad</span> <span class='ocrx_word' id='word_1_238' title='bbox 1050 1935 1232 1964; x_wconf 81' lang='lat' dir='ltr'>Benedictus.</span> 
     </span>
    </p>
   </div>
   <div class='ocr_carea' id='block_1_34' title="bbox 804 1985 1308 2028">
    <p class='ocr_par' dir='ltr' id='par_1_41' title="bbox 804 1985 1308 2028">
     <span class='ocr_line' id='line_1_81' title="bbox 804 1985 1308 2028; baseline 0.008 -11"><span class='ocrx_word' id='word_1_239' title='bbox 804 1985 844 2018; x_wconf 92' lang='lat' dir='ltr'>A.</span> <span class='ocrx_word' id='word_1_240' title='bbox 872 1985 1061 2019; x_wconf 85' lang='lat' dir='ltr'>Eustachius</span> <span class='ocrx_word' id='word_1_241' title='bbox 1087 1996 1155 2018; x_wconf 90' lang='lat' dir='ltr'>cum</span> <span class='ocrx_word' id='word_1_242' title='bbox 1179 1989 1308 2028; x_wconf 88' lang='lat' dir='ltr'>paribus</span> 
     </span>
    </p>
   </div>
   <div class='ocr_carea' id='block_1_35' title="bbox 873 2032 1348 2398">
    <p class='ocr_par' dir='ltr' id='par_1_42' title="bbox 873 2032 1348 2398">
     <span class='ocr_line' id='line_1_82' title="bbox 875 2032 1178 2066; baseline 0.007 -2"><span class='ocrx_word' id='word_1_243' title='bbox 875 2032 945 2065; x_wconf 87' lang='lat' dir='ltr'>Suis</span> <span class='ocrx_word' id='word_1_244' title='bbox 971 2033 1178 2066; x_wconf 85' lang='lat' dir='ltr'>familiaribus</span> 
     </span>
     <span class='ocr_line' id='line_1_83' title="bbox 875 2079 1297 2121; baseline 0.007 -10"><span class='ocrx_word' id='word_1_245' title='bbox 875 2079 1060 2113; x_wconf 86' lang='lat' dir='ltr'>Statuuntur</span> <span class='ocrx_word' id='word_1_246' title='bbox 1084 2084 1116 2112; x_wconf 90' lang='lat' dir='ltr'>et</span> <span class='ocrx_word' id='word_1_247' title='bbox 1138 2085 1297 2121; x_wconf 85' lang='lat' dir='ltr'>ponuntur</span> 
     </span>
     <span class='ocr_line' id='line_1_84' title="bbox 919 2128 1321 2173; baseline 0.007 -15"><span class='ocrx_word' id='word_1_248' title='bbox 919 2128 956 2159; x_wconf 91' lang='lat' dir='ltr'>In</span> <span class='ocrx_word' id='word_1_249' title='bbox 983 2137 1160 2167; x_wconf 86' lang='lat' dir='ltr'>camporum</span> <span class='ocrx_word' id='word_1_250' title='bbox 1185 2129 1321 2173; x_wconf 88' lang='lat' dir='ltr'>sedibus,</span> 
     </span>
     <span class='ocr_line' id='line_1_85' title="bbox 874 2174 1285 2216; baseline 0.01 -12"><span class='ocrx_word' id='word_1_251' title='bbox 874 2174 988 2205; x_wconf 84' lang='lat' dir='ltr'>Audax</span> <span class='ocrx_word' id='word_1_252' title='bbox 1011 2175 1062 2206; x_wconf 88' lang='lat' dir='ltr'>leo</span> <span class='ocrx_word' id='word_1_253' title='bbox 1089 2175 1183 2206; x_wconf 88' lang='lat' dir='ltr'>dante</span> <span class='ocrx_word' id='word_1_254' title='bbox 1208 2176 1285 2216; x_wconf 91' lang='lat' dir='ltr'>Deo,</span> 
     </span>
     <span class='ocr_line' id='line_1_86' title="bbox 874 2220 1348 2264; baseline 0.008 -13"><span class='ocrx_word' id='word_1_255' title='bbox 874 2220 1019 2258; x_wconf 78' lang='lat' dir='ltr'>Quamvis</span> <span class='ocrx_word' id='word_1_256' title='bbox 1044 2220 1129 2253; x_wconf 89' lang='lat' dir='ltr'>ferus</span> <span class='ocrx_word' id='word_1_257' title='bbox 1156 2225 1187 2254; x_wconf 88' lang='lat' dir='ltr'>et</span> <span class='ocrx_word' id='word_1_258' title='bbox 1210 2232 1348 2264; x_wconf 89' lang='lat' dir='ltr'>severus,</span> 
     </span>
     <span class='ocr_line' id='line_1_87' title="bbox 873 2267 1302 2308; baseline 0.012 -11"><span class='ocrx_word' id='word_1_259' title='bbox 873 2267 1045 2300; x_wconf 87' lang='lat' dir='ltr'>Inclinatus</span> <span class='ocrx_word' id='word_1_260' title='bbox 1071 2271 1102 2300; x_wconf 89' lang='lat' dir='ltr'>et</span> <span class='ocrx_word' id='word_1_261' title='bbox 1125 2271 1302 2308; x_wconf 84' lang='lat' dir='ltr'>prostratus</span> 
     </span>
     <span class='ocr_line' id='line_1_88' title="bbox 918 2313 1295 2357; baseline 0.011 -12"><span class='ocrx_word' id='word_1_262' title='bbox 918 2313 973 2346; x_wconf 87' lang='lat' dir='ltr'>Fit</span> <span class='ocrx_word' id='word_1_263' title='bbox 995 2315 1120 2347; x_wconf 87' lang='lat' dir='ltr'>illorum</span> <span class='ocrx_word' id='word_1_264' title='bbox 1144 2317 1295 2357; x_wconf 81' lang='lat' dir='ltr'>pedibus3</span> 
     </span>
     <span class='ocr_line' id='line_1_89' title="bbox 1229 2370 1247 2398; baseline 0 0"><span class='ocrx_word' id='word_1_265' title='bbox 1229 2370 1247 2398; x_wconf 82' lang='lat'>2</span> 
     </span>
    </p>
   </div>
  </div>
 </body>
</html>
