<?xml version="1.0" encoding="UTF-8"?>
<!DOCTYPE html PUBLIC "-//W3C//DTD XHTML 1.0 Transitional//EN"
    "http://www.w3.org/TR/xhtml1/DTD/xhtml1-transitional.dtd">
<html xmlns="http://www.w3.org/1999/xhtml" xml:lang="en" lang="en">
 <head>
  <title>
</title>
<meta http-equiv="Content-Type" content="text/html;charset=utf-8" />
  <meta name='ocr-system' content='tesseract 3.04.00' />
  <meta name='ocr-capabilities' content='ocr_page ocr_carea ocr_par ocr_line ocrx_word'/>
</head>
<body>
  <div class='ocr_page' id='page_1' title='image "./analectahymnica26drevuoft_00050.png"; bbox 0 0 1650 2542; ppageno 0'>
   <div class='ocr_carea' id='block_1_1' title="bbox 126 1964 146 1994">
    <p class='ocr_par' dir='ltr' id='par_1_1' title="bbox 126 1964 146 1994">
     <span class='ocr_line' id='line_1_1' title="bbox 126 1964 146 1994; textangle 90"><span class='ocrx_word' id='word_1_1' title='bbox 126 1964 146 1994; x_wconf 71' lang='grc' dir='ltr'>[Θ</span> 
     </span>
    </p>
   </div>
   <div class='ocr_carea' id='block_1_2' title="bbox 188 206 647 384">
    <p class='ocr_par' dir='ltr' id='par_1_2' title="bbox 190 206 647 283">
     <span class='ocr_line' id='line_1_2' title="bbox 190 206 647 239; baseline -0.002 -1"><span class='ocrx_word' id='word_1_2' title='bbox 190 207 373 239; x_wconf 83' lang='lat' dir='ltr'>Sanctorum</span> <span class='ocrx_word' id='word_1_3' title='bbox 398 208 523 237; x_wconf 85' lang='lat' dir='ltr'>sanctus</span> <span class='ocrx_word' id='word_1_4' title='bbox 548 206 647 237; x_wconf 85' lang='lat' dir='ltr'>Israel</span> 
     </span>
     <span class='ocr_line' id='line_1_3' title="bbox 235 250 619 283; baseline 0 0"><span class='ocrx_word' id='word_1_5' title='bbox 235 252 438 283; x_wconf 84' lang='lat' dir='ltr'>Praedicaret</span> <span class='ocrx_word' id='word_1_6' title='bbox 459 250 619 283; x_wconf 85' lang='lat' dir='ltr'>finiturum</span> 
     </span>
    </p>

    <p class='ocr_par' dir='ltr' id='par_1_3' title="bbox 188 298 630 384">
     <span class='ocr_line' id='line_1_4' title="bbox 188 298 622 338; baseline -0.005 -7"><span class='ocrx_word' id='word_1_7' title='bbox 188 299 386 338; x_wconf 63' lang='lat' dir='ltr'>motionem,</span> <span class='ocrx_word' id='word_1_8' title='bbox 413 307 474 337; x_wconf 89' lang='lat' dir='ltr'>qua</span> <span class='ocrx_word' id='word_1_9' title='bbox 499 298 622 330; x_wconf 83' lang='lat' dir='ltr'>Samuel</span> 
     </span>
     <span class='ocr_line' id='line_1_5' title="bbox 236 345 630 384; baseline 0 -7"><span class='ocrx_word' id='word_1_10' title='bbox 236 345 310 377; x_wconf 87' lang='lat' dir='ltr'>Saul</span> <span class='ocrx_word' id='word_1_11' title='bbox 334 345 424 376; x_wconf 86' lang='lat' dir='ltr'>unxit</span> <span class='ocrx_word' id='word_1_12' title='bbox 447 346 630 384; x_wconf 88' lang='lat' dir='ltr'>periturum.</span> 
     </span>
    </p>
   </div>
   <div class='ocr_carea' id='block_1_3' title="bbox 261 455 602 488">
    <p class='ocr_par' dir='ltr' id='par_1_4' title="bbox 261 455 602 488">
     <span class='ocr_line' id='line_1_6' title="bbox 261 455 602 488; baseline -0.003 0"><span class='ocrx_word' id='word_1_13' title='bbox 261 457 319 488; x_wconf 89' lang='lat' dir='ltr'>Ad</span> <span class='ocrx_word' id='word_1_14' title='bbox 343 455 602 487; x_wconf 85' lang='lat' dir='ltr'>Matutinum.</span> 
     </span>
    </p>
   </div>
   <div class='ocr_carea' id='block_1_4' title="bbox 324 529 535 556">
    <p class='ocr_par' dir='ltr' id='par_1_5' title="bbox 324 529 535 556">
     <span class='ocr_line' id='line_1_7' title="bbox 324 529 535 556; baseline 0.005 -1"><span class='ocrx_word' id='word_1_15' title='bbox 324 529 535 556; x_wconf 83' lang='lat' dir='ltr'>Invitatoriurn.</span> 
     </span>
    </p>
   </div>
   <div class='ocr_carea' id='block_1_5' title="bbox 654 110 874 144">
    <p class='ocr_par' dir='ltr' id='par_1_6' title="bbox 654 110 874 144">
     <span class='ocr_line' id='line_1_8' title="bbox 654 110 874 144; baseline 0.005 -9"><span class='ocrx_word' id='word_1_16' title='bbox 654 110 874 144; x_wconf 69' lang='lat'><strong>-47-</strong></span> 
     </span>
    </p>
   </div>
   <div class='ocr_carea' id='block_1_6' title="bbox 189 585 662 624">
    <p class='ocr_par' dir='ltr' id='par_1_7' title="bbox 189 585 662 624">
     <span class='ocr_line' id='line_1_9' title="bbox 189 585 662 624; baseline -0.002 -7"><span class='ocrx_word' id='word_1_17' title='bbox 189 585 345 617; x_wconf 73' lang='lat' dir='ltr'>Christum</span> <span class='ocrx_word' id='word_1_18' title='bbox 369 594 473 624; x_wconf 88' lang='lat' dir='ltr'>regem</span> <span class='ocrx_word' id='word_1_19' title='bbox 498 586 662 617; x_wconf 84' lang='lat' dir='ltr'>adoremus</span> 
     </span>
    </p>
   </div>
   <div class='ocr_carea' id='block_1_7' title="bbox 190 631 627 671">
    <p class='ocr_par' dir='ltr' id='par_1_8' title="bbox 190 631 627 671">
     <span class='ocr_line' id='line_1_10' title="bbox 190 631 627 671; baseline 0.002 -8"><span class='ocrx_word' id='word_1_20' title='bbox 190 631 432 671; x_wconf 83' lang='lat' dir='ltr'>Gabrielemque</span> <span class='ocrx_word' id='word_1_21' title='bbox 455 632 627 665; x_wconf 82' lang='lat' dir='ltr'>laudemus,</span> 
     </span>
    </p>
   </div>
   <div class='ocr_carea' id='block_1_8' title="bbox 251 751 604 784">
    <p class='ocr_par' dir='ltr' id='par_1_9' title="bbox 251 751 604 784">
     <span class='ocr_line' id='line_1_11' title="bbox 251 751 604 784; baseline 0 0"><span class='ocrx_word' id='word_1_22' title='bbox 251 752 295 784; x_wconf 77' lang='lat'>111</span> <span class='ocrx_word' id='word_1_23' title='bbox 321 752 351 784; x_wconf 79' lang='lat'>1.</span> <span class='ocrx_word' id='word_1_24' title='bbox 377 751 604 784; x_wconf 84' lang='lat' dir='ltr'>Nocturno.</span> 
     </span>
    </p>
   </div>
   <div class='ocr_carea' id='block_1_9' title="bbox 331 825 522 860">
    <p class='ocr_par' dir='ltr' id='par_1_10' title="bbox 331 825 522 860">
     <span class='ocr_line' id='line_1_12' title="bbox 331 825 522 860; baseline 0 -9"><span class='ocrx_word' id='word_1_25' title='bbox 331 825 522 860; x_wconf 82' lang='lat' dir='ltr'>Antiphonae.</span> 
     </span>
    </p>
   </div>
   <div class='ocr_carea' id='block_1_10' title="bbox 153 880 575 920">
    <p class='ocr_par' dir='ltr' id='par_1_11' title="bbox 153 880 575 920">
     <span class='ocr_line' id='line_1_13' title="bbox 153 880 575 920; baseline -0.005 -7"><span class='ocrx_word' id='word_1_26' title='bbox 153 905 161 913; x_wconf 89' lang='lat'>.</span> <span class='ocrx_word' id='word_1_27' title='bbox 186 880 276 912; x_wconf 85' lang='lat' dir='ltr'>Beati</span> <span class='ocrx_word' id='word_1_28' title='bbox 301 889 424 919; x_wconf 84' lang='lat' dir='ltr'>semper</span> <span class='ocrx_word' id='word_1_29' title='bbox 447 881 575 920; x_wconf 85' lang='lat' dir='ltr'>spiritus</span> 
     </span>
    </p>
   </div>
   <div class='ocr_carea' id='block_1_11' title="bbox 186 926 625 1050">
    <p class='ocr_par' dir='ltr' id='par_1_12' title="bbox 186 926 625 1050">
     <span class='ocr_line' id='line_1_14' title="bbox 233 926 538 958; baseline 0 -1"><span class='ocrx_word' id='word_1_30' title='bbox 233 928 271 958; x_wconf 88' lang='lat' dir='ltr'>In</span> <span class='ocrx_word' id='word_1_31' title='bbox 294 927 454 958; x_wconf 87' lang='lat' dir='ltr'>voluntate</span> <span class='ocrx_word' id='word_1_32' title='bbox 477 926 538 957; x_wconf 90' lang='lat' dir='ltr'>Dei</span> 
     </span>
     <span class='ocr_line' id='line_1_15' title="bbox 186 972 625 1011; baseline 0 -8"><span class='ocrx_word' id='word_1_33' title='bbox 186 972 330 1004; x_wconf 89' lang='lat' dir='ltr'>Virentes</span> <span class='ocrx_word' id='word_1_34' title='bbox 352 976 479 1004; x_wconf 85' lang='lat' dir='ltr'>manent</span> <span class='ocrx_word' id='word_1_35' title='bbox 501 972 625 1011; x_wconf 85' lang='lat' dir='ltr'>penitus</span> 
     </span>
     <span class='ocr_line' id='line_1_16' title="bbox 235 1018 538 1050; baseline -0.003 0"><span class='ocrx_word' id='word_1_36' title='bbox 235 1018 475 1050; x_wconf 84' lang='lat' dir='ltr'>F1uctificantes</span> <span class='ocrx_word' id='word_1_37' title='bbox 500 1020 538 1050; x_wconf 89' lang='lat' dir='ltr'>ei.</span> 
     </span>
    </p>
   </div>
   <div class='ocr_carea' id='block_1_12' title="bbox 184 1074 642 1251">
    <p class='ocr_par' dir='ltr' id='par_1_13' title="bbox 187 1074 642 1159">
     <span class='ocr_line' id='line_1_17' title="bbox 187 1074 642 1113; baseline 0 -9"><span class='ocrx_word' id='word_1_38' title='bbox 187 1074 254 1105; x_wconf 85' lang='lat' dir='ltr'>Iam</span> <span class='ocrx_word' id='word_1_39' title='bbox 281 1074 491 1113; x_wconf 84' lang='lat' dir='ltr'><strong>dirumpamus</strong></span> <span class='ocrx_word' id='word_1_40' title='bbox 517 1074 642 1105; x_wconf 79' lang='lat' dir='ltr'>vincula</span> 
     </span>
     <span class='ocr_line' id='line_1_18' title="bbox 233 1119 577 1159; baseline -0.003 -8"><span class='ocrx_word' id='word_1_41' title='bbox 233 1119 392 1159; x_wconf 86' lang='lat' dir='ltr'>Malignae</span> <span class='ocrx_word' id='word_1_42' title='bbox 414 1121 577 1159; x_wconf 85' lang='lat' dir='ltr'>potestatis</span> 
     </span>
    </p>

    <p class='ocr_par' dir='ltr' id='par_1_14' title="bbox 184 1165 588 1251">
     <span class='ocr_line' id='line_1_19' title="bbox 184 1165 586 1197; baseline 0.002 -1"><span class='ocrx_word' id='word_1_43' title='bbox 184 1165 229 1197; x_wconf 93' lang='lat' dir='ltr'>Ut</span> <span class='ocrx_word' id='word_1_44' title='bbox 253 1166 348 1196; x_wconf 86' lang='lat' dir='ltr'>simus</span> <span class='ocrx_word' id='word_1_45' title='bbox 373 1167 440 1197; x_wconf 85' lang='lat' dir='ltr'>sine</span> <span class='ocrx_word' id='word_1_46' title='bbox 463 1167 586 1197; x_wconf 84' lang='lat' dir='ltr'>macula</span> 
     </span>
     <span class='ocr_line' id='line_1_20' title="bbox 230 1212 588 1251; baseline 0.003 -8"><span class='ocrx_word' id='word_1_47' title='bbox 230 1212 388 1251; x_wconf 85' lang='lat' dir='ltr'>Antiquae</span> <span class='ocrx_word' id='word_1_48' title='bbox 411 1213 588 1251; x_wconf 87' lang='lat' dir='ltr'>pravitatis.</span> 
     </span>
    </p>
   </div>
   <div class='ocr_carea' id='block_1_13' title="bbox 185 1267 616 1439">
    <p class='ocr_par' dir='ltr' id='par_1_15' title="bbox 185 1267 616 1354">
     <span class='ocr_line' id='line_1_21' title="bbox 185 1267 592 1299; baseline 0.002 -2"><span class='ocrx_word' id='word_1_49' title='bbox 185 1267 234 1298; x_wconf 91' lang='lat' dir='ltr'>Tu</span> <span class='ocrx_word' id='word_1_50' title='bbox 258 1270 362 1298; x_wconf 83' lang='lat' dir='ltr'>cetera</span> <span class='ocrx_word' id='word_1_51' title='bbox 386 1268 443 1299; x_wconf 89' lang='lat' dir='ltr'>sub</span> <span class='ocrx_word' id='word_1_52' title='bbox 469 1268 592 1299; x_wconf 86' lang='lat' dir='ltr'>homine</span> 
     </span>
     <span class='ocr_line' id='line_1_22' title="bbox 233 1313 616 1354; baseline -0.003 -9"><span class='ocrx_word' id='word_1_53' title='bbox 233 1314 289 1351; x_wconf 78' lang='lat' dir='ltr'>Qui</span> <span class='ocrx_word' id='word_1_54' title='bbox 313 1313 450 1345; x_wconf 88' lang='lat' dir='ltr'>subdens</span> <span class='ocrx_word' id='word_1_55' title='bbox 475 1314 616 1354; x_wconf 80' lang='lat' dir='ltr'><strong>posuisti,</strong></span> 
     </span>
    </p>

    <p class='ocr_par' dir='ltr' id='par_1_16' title="bbox 186 1360 595 1439">
     <span class='ocr_line' id='line_1_23' title="bbox 186 1360 595 1401; baseline 0.002 -11"><span class='ocrx_word' id='word_1_56' title='bbox 186 1360 323 1399; x_wconf 84' lang='lat' dir='ltr'>Angelos</span> <span class='ocrx_word' id='word_1_57' title='bbox 346 1360 429 1400; x_wconf 79' lang='lat' dir='ltr'>huic,</span> <span class='ocrx_word' id='word_1_58' title='bbox 453 1360 595 1401; x_wconf 83' lang='lat' dir='ltr'>Domine,</span> 
     </span>
     <span class='ocr_line' id='line_1_24' title="bbox 235 1406 563 1439; baseline 0.006 -3"><span class='ocrx_word' id='word_1_59' title='bbox 235 1406 399 1437; x_wconf 79' lang='lat' dir='ltr'>Praestare</span> <span class='ocrx_word' id='word_1_60' title='bbox 429 1407 563 1439; x_wconf 86' lang='lat' dir='ltr'>voluisti.</span> 
     </span>
    </p>
   </div>
   <div class='ocr_carea' id='block_1_14' title="bbox 302 1479 535 1514">
    <p class='ocr_par' dir='ltr' id='par_1_17' title="bbox 302 1479 535 1514">
     <span class='ocr_line' id='line_1_25' title="bbox 302 1479 535 1514; baseline 0 -8"><span class='ocrx_word' id='word_1_61' title='bbox 302 1479 535 1514; x_wconf 74' lang='lat' dir='ltr'>Responsorium.</span> 
     </span>
    </p>
   </div>
   <div class='ocr_carea' id='block_1_15' title="bbox 156 1535 608 1568">
    <p class='ocr_par' dir='ltr' id='par_1_18' title="bbox 156 1535 608 1568">
     <span class='ocr_line' id='line_1_26' title="bbox 156 1535 608 1568; baseline 0 -1"><span class='ocrx_word' id='word_1_62' title='bbox 156 1560 163 1567; x_wconf 94' lang='lat'><strong><em>.</em></strong></span> <span class='ocrx_word' id='word_1_63' title='bbox 189 1535 255 1566; x_wconf 91' lang='lat' dir='ltr'>Iam</span> <span class='ocrx_word' id='word_1_64' title='bbox 282 1535 410 1568; x_wconf 86' lang='lat' dir='ltr'>Gabriel</span> <span class='ocrx_word' id='word_1_65' title='bbox 435 1536 608 1567; x_wconf 81' lang='lat' dir='ltr'>demittitur</span> 
     </span>
    </p>
   </div>
   <div class='ocr_carea' id='block_1_16' title="bbox 233 1582 654 1621">
    <p class='ocr_par' dir='ltr' id='par_1_19' title="bbox 233 1582 654 1621">
     <span class='ocr_line' id='line_1_27' title="bbox 233 1582 654 1621; baseline 0.002 -9"><span class='ocrx_word' id='word_1_66' title='bbox 233 1582 263 1612; x_wconf 89' lang='lat' dir='ltr'>A</span> <span class='ocrx_word' id='word_1_67' title='bbox 287 1590 405 1613; x_wconf 87' lang='lat' dir='ltr'>summo</span> <span class='ocrx_word' id='word_1_68' title='bbox 431 1583 509 1613; x_wconf 85' lang='lat' dir='ltr'>caeli</span> <span class='ocrx_word' id='word_1_69' title='bbox 533 1582 654 1621; x_wconf 85' lang='lat' dir='ltr'>throno,</span> 
     </span>
    </p>
   </div>
   <div class='ocr_carea' id='block_1_17' title="bbox 183 1628 638 1761">
    <p class='ocr_par' dir='ltr' id='par_1_20' title="bbox 183 1628 638 1761">
     <span class='ocr_line' id='line_1_28' title="bbox 184 1628 615 1667; baseline 0 -8"><span class='ocrx_word' id='word_1_70' title='bbox 184 1628 321 1659; x_wconf 86' lang='lat' dir='ltr'>Paterna</span> <span class='ocrx_word' id='word_1_71' title='bbox 344 1638 406 1660; x_wconf 86' lang='lat' dir='ltr'>vox</span> <span class='ocrx_word' id='word_1_72' title='bbox 431 1629 615 1667; x_wconf 82' lang='lat' dir='ltr'>exprimitur</span> 
     </span>
     <span class='ocr_line' id='line_1_29' title="bbox 230 1674 607 1718; baseline 0 -12"><span class='ocrx_word' id='word_1_73' title='bbox 230 1675 268 1706; x_wconf 89' lang='lat' dir='ltr'>In</span> <span class='ocrx_word' id='word_1_74' title='bbox 292 1674 377 1706; x_wconf 88' lang='lat' dir='ltr'>orbis</span> <span class='ocrx_word' id='word_1_75' title='bbox 401 1675 499 1706; x_wconf 87' lang='lat' dir='ltr'>nostri</span> <span class='ocrx_word' id='word_1_76' title='bbox 523 1684 607 1718; x_wconf 86' lang='lat' dir='ltr'>sono,</span> 
     </span>
     <span class='ocr_line' id='line_1_30' title="bbox 183 1720 638 1761; baseline 0.004 -10"><span class='ocrx_word' id='word_1_77' title='bbox 183 1720 265 1752; x_wconf 90' lang='lat' dir='ltr'>Dum</span> <span class='ocrx_word' id='word_1_78' title='bbox 289 1721 402 1761; x_wconf 88' lang='lat' dir='ltr'>virgini</span> <span class='ocrx_word' id='word_1_79' title='bbox 427 1722 638 1761; x_wconf 78' lang='lat' dir='ltr'>committitur,</span> 
     </span>
    </p>
   </div>
   <div class='ocr_carea' id='block_1_18' title="bbox 146 1768 647 1847">
    <p class='ocr_par' dir='ltr' id='par_1_21' title="bbox 146 1768 647 1847">
     <span class='ocr_line' id='line_1_31' title="bbox 235 1768 647 1805; baseline 0.007 -7"><span class='ocrx_word' id='word_1_80' title='bbox 235 1768 324 1805; x_wconf 79' lang='lat' dir='ltr'>Quod</span> <span class='ocrx_word' id='word_1_81' title='bbox 350 1768 434 1799; x_wconf 84' lang='lat' dir='ltr'>dulei</span> <span class='ocrx_word' id='word_1_82' title='bbox 458 1769 542 1800; x_wconf 84' lang='lat' dir='ltr'>canit</span> <span class='ocrx_word' id='word_1_83' title='bbox 564 1771 647 1801; x_wconf 89' lang='lat' dir='ltr'>tono.</span> 
     </span>
     <span class='ocr_line' id='line_1_32' title="bbox 146 1813 614 1847; baseline 0.004 -3"><span class='ocrx_word' id='word_1_84' title='bbox 146 1837 153 1844; x_wconf 93' lang='lat'><strong>.</strong></span> <span class='ocrx_word' id='word_1_85' title='bbox 185 1813 274 1844; x_wconf 87' lang='lat' dir='ltr'>Tune</span> <span class='ocrx_word' id='word_1_86' title='bbox 297 1823 378 1846; x_wconf 89' lang='lat' dir='ltr'>nova</span> <span class='ocrx_word' id='word_1_87' title='bbox 400 1815 489 1845; x_wconf 86' lang='lat' dir='ltr'>nobis</span> <span class='ocrx_word' id='word_1_88' title='bbox 515 1815 614 1847; x_wconf 89' lang='lat' dir='ltr'>oritur</span> 
     </span>
    </p>
   </div>
   <div class='ocr_carea' id='block_1_19' title="bbox 184 1859 636 1941">
    <p class='ocr_par' dir='ltr' id='par_1_22' title="bbox 184 1859 636 1941">
     <span class='ocr_line' id='line_1_33' title="bbox 184 1859 636 1901; baseline 0.004 -11"><span class='ocrx_word' id='word_1_89' title='bbox 184 1859 263 1901; x_wconf 87' lang='lat' dir='ltr'>Lux,</span> <span class='ocrx_word' id='word_1_90' title='bbox 290 1860 481 1899; x_wconf 84' lang='lat' dir='ltr'>tenebraque</span> <span class='ocrx_word' id='word_1_91' title='bbox 505 1862 636 1893; x_wconf 84' lang='lat' dir='ltr'>moritur</span> 
     </span>
     <span class='ocr_line' id='line_1_34' title="bbox 229 1905 601 1941; baseline 0.008 -4"><span class='ocrx_word' id='word_1_92' title='bbox 229 1905 381 1938; x_wconf 81' lang='lat' dir='ltr'>concesso</span> <span class='ocrx_word' id='word_1_93' title='bbox 407 1908 485 1939; x_wconf 83' lang='lat' dir='ltr'>caeli</span> <span class='ocrx_word' id='word_1_94' title='bbox 512 1908 601 1941; x_wconf 85' lang='lat' dir='ltr'>dono.</span> 
     </span>
    </p>
   </div>
   <div class='ocr_carea' id='block_1_20' title="bbox 150 1962 593 2003">
    <p class='ocr_par' dir='ltr' id='par_1_23' title="bbox 150 1962 593 2003">
     <span class='ocr_line' id='line_1_35' title="bbox 150 1962 593 2003; baseline -0.005 -8"><span class='ocrx_word' id='word_1_95' title='bbox 150 1989 157 1995; x_wconf 93' lang='lat'>.</span> <span class='ocrx_word' id='word_1_96' title='bbox 183 1963 221 1994; x_wconf 88' lang='lat' dir='ltr'>In</span> <span class='ocrx_word' id='word_1_97' title='bbox 246 1962 405 1995; x_wconf 75' lang='lat' dir='ltr'>Nazareth</span> <span class='ocrx_word' id='word_1_98' title='bbox 431 1963 593 2003; x_wconf 85' lang='lat' dir='ltr'>Olympius</span> 
     </span>
    </p>
   </div>
   <div class='ocr_carea' id='block_1_21' title="bbox 182 2009 619 2371">
    <p class='ocr_par' dir='ltr' id='par_1_24' title="bbox 182 2009 619 2283">
     <span class='ocr_line' id='line_1_36' title="bbox 186 2009 595 2051; baseline 0 -11"><span class='ocrx_word' id='word_1_99' title='bbox 186 2009 354 2041; x_wconf 82' lang='lat' dir='ltr'>Descendit</span> <span class='ocrx_word' id='word_1_100' title='bbox 378 2010 433 2041; x_wconf 88' lang='lat' dir='ltr'>ille</span> <span class='ocrx_word' id='word_1_101' title='bbox 460 2010 595 2051; x_wconf 86' lang='lat' dir='ltr'>nuntius,</span> 
     </span>
     <span class='ocr_line' id='line_1_37' title="bbox 233 2056 589 2095; baseline -0.003 -7"><span class='ocrx_word' id='word_1_102' title='bbox 233 2056 289 2088; x_wconf 86' lang='lat' dir='ltr'>Cui</span> <span class='ocrx_word' id='word_1_103' title='bbox 312 2065 424 2088; x_wconf 88' lang='lat' dir='ltr'>nomen</span> <span class='ocrx_word' id='word_1_104' title='bbox 450 2056 589 2095; x_wconf 85' lang='lat' dir='ltr'>Gabriel,</span> 
     </span>
     <span class='ocr_line' id='line_1_38' title="bbox 182 2102 619 2143; baseline 0 -10"><span class='ocrx_word' id='word_1_105' title='bbox 182 2103 307 2142; x_wconf 87' lang='lat' dir='ltr'>Alatus‚</span> <span class='ocrx_word' id='word_1_106' title='bbox 334 2102 466 2143; x_wconf 86' lang='lat' dir='ltr'>fulgens,</span> <span class='ocrx_word' id='word_1_107' title='bbox 492 2103 619 2143; x_wconf 86' lang='lat' dir='ltr'>glorius,</span> 
     </span>
     <span class='ocr_line' id='line_1_39' title="bbox 185 2149 579 2181; baseline 0 -1"><span class='ocrx_word' id='word_1_108' title='bbox 185 2149 320 2180; x_wconf 83' lang='lat' dir='ltr'>Intravit</span> <span class='ocrx_word' id='word_1_109' title='bbox 346 2150 470 2181; x_wconf 87' lang='lat' dir='ltr'>domum</span> <span class='ocrx_word' id='word_1_110' title='bbox 495 2150 579 2181; x_wconf 88' lang='lat' dir='ltr'>ocius</span> 
     </span>
     <span class='ocr_line' id='line_1_40' title="bbox 231 2195 576 2230; baseline 0.006 -3"><span class='ocrx_word' id='word_1_111' title='bbox 231 2195 387 2228; x_wconf 80' lang='lat' dir='ltr'>Nuntians</span> <span class='ocrx_word' id='word_1_112' title='bbox 411 2197 576 2230; x_wconf 88' lang='lat' dir='ltr'>Emanuel.</span> 
     </span>
     <span class='ocr_line' id='line_1_41' title="bbox 182 2242 572 2283; baseline 0.005 -10"><span class='ocrx_word' id='word_1_113' title='bbox 182 2242 245 2274; x_wconf 87' lang='lat' dir='ltr'>Hie</span> <span class='ocrx_word' id='word_1_114' title='bbox 270 2245 373 2275; x_wconf 81' lang='lat' dir='ltr'>exstat</span> <span class='ocrx_word' id='word_1_115' title='bbox 395 2243 456 2275; x_wconf 87' lang='lat' dir='ltr'>Dei</span> <span class='ocrx_word' id='word_1_116' title='bbox 479 2242 572 2283; x_wconf 87' lang='lat' dir='ltr'>filius,</span> 
     </span>
    </p>

    <p class='ocr_par' dir='ltr' id='par_1_25' title="bbox 183 2289 589 2371">
     <span class='ocr_line' id='line_1_42' title="bbox 183 2289 547 2329; baseline 0 -8"><span class='ocrx_word' id='word_1_117' title='bbox 183 2289 327 2328; x_wconf 82' lang='lat' dir='ltr'>Messias,</span> <span class='ocrx_word' id='word_1_118' title='bbox 353 2290 547 2329; x_wconf 75' lang='lat' dir='ltr'>Nazarizius,</span> 
     </span>
     <span class='ocr_line' id='line_1_43' title="bbox 231 2337 589 2371; baseline -0.003 -1"><span class='ocrx_word' id='word_1_119' title='bbox 231 2337 277 2370; x_wconf 90' lang='lat' dir='ltr'>Ut</span> <span class='ocrx_word' id='word_1_120' title='bbox 299 2337 379 2371; x_wconf 85' lang='lat' dir='ltr'>dixit</span> <span class='ocrx_word' id='word_1_121' title='bbox 402 2337 589 2369; x_wconf 84' lang='lat' dir='ltr'>Nathanael.</span> 
     </span>
    </p>
   </div>
   <div class='ocr_carea' id='block_1_22' title="bbox 786 1809 823 1841">
    <p class='ocr_par' dir='ltr' id='par_1_26' title="bbox 786 1809 823 1841">
     <span class='ocr_line' id='line_1_44' title="bbox 786 1809 823 1841; baseline 0.027 -1"><span class='ocrx_word' id='word_1_122' title='bbox 786 1809 823 1841; x_wconf 86' lang='lat' dir='ltr'>V.</span> 
     </span>
    </p>
   </div>
   <div class='ocr_carea' id='block_1_23' title="bbox 857 205 1351 606">
    <p class='ocr_par' dir='ltr' id='par_1_27' title="bbox 859 205 1226 244">
     <span class='ocr_line' id='line_1_45' title="bbox 859 205 1226 244; baseline -0.005 -8"><span class='ocrx_word' id='word_1_123' title='bbox 859 206 998 244; x_wconf 75' lang='lat' dir='ltr'>Angelus</span> <span class='ocrx_word' id='word_1_124' title='bbox 1022 205 1053 235; x_wconf 89' lang='lat' dir='ltr'>in</span> <span class='ocrx_word' id='word_1_125' title='bbox 1080 205 1226 235; x_wconf 78' lang='lat' dir='ltr'>conclave</span> 
     </span>
    </p>

    <p class='ocr_par' dir='ltr' id='par_1_28' title="bbox 859 250 1272 337">
     <span class='ocr_line' id='line_1_46' title="bbox 859 250 1272 289; baseline -0.007 -6"><span class='ocrx_word' id='word_1_126' title='bbox 859 251 1043 283; x_wconf 86' lang='lat' dir='ltr'>Subintrans</span> <span class='ocrx_word' id='word_1_127' title='bbox 1070 250 1167 282; x_wconf 80' lang='lat' dir='ltr'>dixit:</span> <span class='ocrx_word' id='word_1_128' title='bbox 1194 251 1272 289; x_wconf 87' lang='lat' dir='ltr'>Ave,</span> 
     </span>
     <span class='ocr_line' id='line_1_47' title="bbox 905 297 1205 337; baseline -0.007 -8"><span class='ocrx_word' id='word_1_129' title='bbox 905 298 1007 329; x_wconf 84' lang='lat' dir='ltr'>Maria</span> <span class='ocrx_word' id='word_1_130' title='bbox 1031 297 1205 337; x_wconf 86' lang='lat' dir='ltr'>benedicta,</span> 
     </span>
    </p>

    <p class='ocr_par' dir='ltr' id='par_1_29' title="bbox 858 343 1351 383">
     <span class='ocr_line' id='line_1_48' title="bbox 858 343 1351 383; baseline -0.006 -7"><span class='ocrx_word' id='word_1_131' title='bbox 858 344 939 382; x_wconf 87' lang='lat' dir='ltr'>Tibi,</span> <span class='ocrx_word' id='word_1_132' title='bbox 970 352 1093 383; x_wconf 85' lang='lat' dir='ltr'>quaeso,</span> <span class='ocrx_word' id='word_1_133' title='bbox 1119 352 1158 374; x_wconf 90' lang='lat' dir='ltr'>ne</span> <span class='ocrx_word' id='word_1_134' title='bbox 1182 343 1224 374; x_wconf 85' lang='lat' dir='ltr'>sit</span> <span class='ocrx_word' id='word_1_135' title='bbox 1247 351 1351 383; x_wconf 82' lang='lat' dir='ltr'>grave,</span> 
     </span>
    </p>

    <p class='ocr_par' dir='ltr' id='par_1_30' title="bbox 858 390 1264 478">
     <span class='ocr_line' id='line_1_49' title="bbox 858 390 1264 429; baseline -0.002 -7"><span class='ocrx_word' id='word_1_136' title='bbox 858 390 1023 422; x_wconf 85' lang='lat' dir='ltr'>Incredula</span> <span class='ocrx_word' id='word_1_137' title='bbox 1047 398 1086 420; x_wconf 90' lang='lat' dir='ltr'>ne</span> <span class='ocrx_word' id='word_1_138' title='bbox 1110 390 1162 429; x_wconf 88' lang='lat' dir='ltr'>sis,</span> <span class='ocrx_word' id='word_1_139' title='bbox 1190 397 1264 421; x_wconf 87' lang='lat' dir='ltr'>cave</span> 
     </span>
     <span class='ocr_line' id='line_1_50' title="bbox 903 436 1262 478; baseline -0.006 -10"><span class='ocrx_word' id='word_1_140' title='bbox 903 437 1044 468; x_wconf 90' lang='lat' dir='ltr'>Audiens</span> <span class='ocrx_word' id='word_1_141' title='bbox 1066 444 1137 468; x_wconf 85' lang='lat' dir='ltr'>mea</span> <span class='ocrx_word' id='word_1_142' title='bbox 1161 436 1262 478; x_wconf 84' lang='lat' dir='ltr'>dieta;</span> 
     </span>
    </p>

    <p class='ocr_par' dir='ltr' id='par_1_31' title="bbox 857 481 1305 522">
     <span class='ocr_line' id='line_1_51' title="bbox 857 481 1305 522; baseline -0.002 -8"><span class='ocrx_word' id='word_1_143' title='bbox 857 483 943 522; x_wconf 85' lang='lat' dir='ltr'>Ergo</span> <span class='ocrx_word' id='word_1_144' title='bbox 969 483 1071 522; x_wconf 89' lang='lat' dir='ltr'>dictis,</span> <span class='ocrx_word' id='word_1_145' title='bbox 1102 482 1197 522; x_wconf 85' lang='lat' dir='ltr'>virgo,</span> <span class='ocrx_word' id='word_1_146' title='bbox 1224 481 1305 520; x_wconf 89' lang='lat' dir='ltr'>fave,</span> 
     </span>
    </p>

    <p class='ocr_par' dir='ltr' id='par_1_32' title="bbox 862 529 1338 606">
     <span class='ocr_line' id='line_1_52' title="bbox 862 529 1338 567; baseline -0.002 -7"><span class='ocrx_word' id='word_1_147' title='bbox 862 529 904 561; x_wconf 86' lang='lat' dir='ltr'>Ut</span> <span class='ocrx_word' id='word_1_148' title='bbox 930 530 1092 560; x_wconf 88' lang='lat' dir='ltr'>demantur</span> <span class='ocrx_word' id='word_1_149' title='bbox 1116 531 1218 559; x_wconf 84' lang='lat' dir='ltr'>tracta</span> <span class='ocrx_word' id='word_1_150' title='bbox 1240 536 1338 567; x_wconf 85' lang='lat' dir='ltr'>prave</span> 
     </span>
     <span class='ocr_line' id='line_1_53' title="bbox 904 575 1170 606; baseline -0.004 0"><span class='ocrx_word' id='word_1_151' title='bbox 904 575 1020 606; x_wconf 85' lang='lat' dir='ltr'>Vetera</span> <span class='ocrx_word' id='word_1_152' title='bbox 1046 575 1170 606; x_wconf 84' lang='lat' dir='ltr'>delicta.</span> 
     </span>
    </p>
   </div>
   <div class='ocr_carea' id='block_1_24' title="bbox 914 704 1265 737">
    <p class='ocr_par' dir='ltr' id='par_1_33' title="bbox 914 704 1265 737">
     <span class='ocr_line' id='line_1_54' title="bbox 914 704 1265 737; baseline -0.003 -1"><span class='ocrx_word' id='word_1_153' title='bbox 914 705 959 736; x_wconf 92' lang='lat' dir='ltr'>In</span> <span class='ocrx_word' id='word_1_154' title='bbox 985 706 1016 737; x_wconf 83' lang='lat'>2.</span> <span class='ocrx_word' id='word_1_155' title='bbox 1041 704 1265 736; x_wconf 83' lang='lat' dir='ltr'>Nocturno.</span> 
     </span>
    </p>
   </div>
   <div class='ocr_carea' id='block_1_25' title="bbox 1005 787 1195 822">
    <p class='ocr_par' dir='ltr' id='par_1_34' title="bbox 1005 787 1195 822">
     <span class='ocr_line' id='line_1_55' title="bbox 1005 787 1195 822; baseline -0.005 -9"><span class='ocrx_word' id='word_1_156' title='bbox 1005 787 1195 822; x_wconf 82' lang='lat' dir='ltr'>Antiphonae.</span> 
     </span>
    </p>
   </div>
   <div class='ocr_carea' id='block_1_26' title="bbox 824 843 1225 882">
    <p class='ocr_par' dir='ltr' id='par_1_35' title="bbox 824 843 1225 882">
     <span class='ocr_line' id='line_1_56' title="bbox 824 843 1225 882; baseline -0.007 -6"><span class='ocrx_word' id='word_1_157' title='bbox 824 869 831 876; x_wconf 96' lang='lat'>.</span> <span class='ocrx_word' id='word_1_158' title='bbox 857 844 998 882; x_wconf 88' lang='lat' dir='ltr'>Domine,</span> <span class='ocrx_word' id='word_1_159' title='bbox 1025 845 1073 874; x_wconf 89' lang='lat' dir='ltr'>cui</span> <span class='ocrx_word' id='word_1_160' title='bbox 1098 843 1225 875; x_wconf 84' lang='lat' dir='ltr'>Gabriel</span> 
     </span>
    </p>
   </div>
   <div class='ocr_carea' id='block_1_27' title="bbox 857 889 1350 1019">
    <p class='ocr_par' dir='ltr' id='par_1_36' title="bbox 857 889 1350 1019">
     <span class='ocr_line' id='line_1_57' title="bbox 902 889 1308 930; baseline -0.002 -10"><span class='ocrx_word' id='word_1_161' title='bbox 902 889 939 920; x_wconf 93' lang='lat' dir='ltr'>In</span> <span class='ocrx_word' id='word_1_162' title='bbox 962 891 1046 921; x_wconf 86' lang='lat' dir='ltr'>caelo</span> <span class='ocrx_word' id='word_1_163' title='bbox 1071 898 1194 928; x_wconf 85' lang='lat' dir='ltr'>semper</span> <span class='ocrx_word' id='word_1_164' title='bbox 1218 891 1308 930; x_wconf 89' lang='lat' dir='ltr'>astat,</span> 
     </span>
     <span class='ocr_line' id='line_1_58' title="bbox 857 935 1231 974; baseline -0.005 -7"><span class='ocrx_word' id='word_1_165' title='bbox 857 936 973 967; x_wconf 86' lang='lat' dir='ltr'>Videre.</span> <span class='ocrx_word' id='word_1_166' title='bbox 997 935 1049 966; x_wconf 87' lang='lat' dir='ltr'>fac</span> <span class='ocrx_word' id='word_1_167' title='bbox 1068 935 1231 974; x_wconf 85' lang='lat' dir='ltr'>Emanuel,</span> 
     </span>
     <span class='ocr_line' id='line_1_59' title="bbox 902 981 1350 1019; baseline 0 -7"><span class='ocrx_word' id='word_1_168' title='bbox 902 982 959 1019; x_wconf 76' lang='lat' dir='ltr'>Qui</span> <span class='ocrx_word' id='word_1_169' title='bbox 985 982 1074 1012; x_wconf 86' lang='lat' dir='ltr'>nobis</span> <span class='ocrx_word' id='word_1_170' title='bbox 1096 981 1178 1012; x_wconf 88' lang='lat' dir='ltr'>bona</span> <span class='ocrx_word' id='word_1_171' title='bbox 1201 983 1350 1019; x_wconf 75' lang='lat' dir='ltr'>praestat.</span> 
     </span>
    </p>
   </div>
   <div class='ocr_carea' id='block_1_28' title="bbox 856 1045 1327 1224">
    <p class='ocr_par' dir='ltr' id='par_1_37' title="bbox 856 1045 1283 1132">
     <span class='ocr_line' id='line_1_60' title="bbox 856 1045 1270 1084; baseline -0.005 -7"><span class='ocrx_word' id='word_1_172' title='bbox 856 1046 1019 1078; x_wconf 73' lang='lat' dir='ltr'>Sermones</span> <span class='ocrx_word' id='word_1_173' title='bbox 1041 1046 1131 1077; x_wconf 92' lang='lat' dir='ltr'>nobis</span> <span class='ocrx_word' id='word_1_174' title='bbox 1157 1045 1270 1084; x_wconf 81' lang='lat' dir='ltr'>cogniti</span> 
     </span>
     <span class='ocr_line' id='line_1_61' title="bbox 901 1092 1283 1132; baseline -0.008 -7"><span class='ocrx_word' id='word_1_175' title='bbox 901 1094 968 1125; x_wconf 90' lang='lat' dir='ltr'>Iam</span> <span class='ocrx_word' id='word_1_176' title='bbox 991 1092 1071 1124; x_wconf 88' lang='lat' dir='ltr'>fiunt</span> <span class='ocrx_word' id='word_1_177' title='bbox 1094 1092 1283 1132; x_wconf 85' lang='lat' dir='ltr'>angelorum,</span> 
     </span>
    </p>

    <p class='ocr_par' dir='ltr' id='par_1_38' title="bbox 857 1138 1327 1224">
     <span class='ocr_line' id='line_1_62' title="bbox 857 1138 1250 1178; baseline -0.005 -8"><span class='ocrx_word' id='word_1_178' title='bbox 857 1139 937 1170; x_wconf 87' lang='lat' dir='ltr'>Sono</span> <span class='ocrx_word' id='word_1_179' title='bbox 962 1147 1091 1178; x_wconf 89' lang='lat' dir='ltr'>quorum</span> <span class='ocrx_word' id='word_1_180' title='bbox 1116 1138 1250 1169; x_wconf 84' lang='lat' dir='ltr'>adtoniti</span> 
     </span>
     <span class='ocr_line' id='line_1_63' title="bbox 904 1184 1327 1224; baseline -0.007 -6"><span class='ocrx_word' id='word_1_181' title='bbox 904 1186 995 1218; x_wconf 85' lang='lat' dir='ltr'>Stant</span> <span class='ocrx_word' id='word_1_182' title='bbox 1018 1184 1109 1217; x_wconf 88' lang='lat' dir='ltr'>orbes</span> <span class='ocrx_word' id='word_1_183' title='bbox 1133 1184 1327 1224; x_wconf 89' lang='lat' dir='ltr'>populorum.</span> 
     </span>
    </p>
   </div>
   <div class='ocr_carea' id='block_1_29' title="bbox 856 1250 1334 1428">
    <p class='ocr_par' dir='ltr' id='par_1_39' title="bbox 856 1250 1334 1428">
     <span class='ocr_line' id='line_1_64' title="bbox 857 1250 1334 1288; baseline -0.002 -8"><span class='ocrx_word' id='word_1_184' title='bbox 857 1250 1011 1281; x_wconf 86' lang='lat' dir='ltr'>Virtutum</span> <span class='ocrx_word' id='word_1_185' title='bbox 1035 1250 1087 1280; x_wconf 89' lang='grc'><strong>1110</strong></span> <span class='ocrx_word' id='word_1_186' title='bbox 1111 1252 1159 1280; x_wconf 89' lang='lat' dir='ltr'>est</span> <span class='ocrx_word' id='word_1_187' title='bbox 1183 1250 1334 1288; x_wconf 88' lang='lat' dir='ltr'>dominus,</span> 
     </span>
     <span class='ocr_line' id='line_1_65' title="bbox 901 1296 1305 1336; baseline -0.005 -8"><span class='ocrx_word' id='word_1_188' title='bbox 901 1297 972 1328; x_wconf 84' lang='lat' dir='ltr'>Rex</span> <span class='ocrx_word' id='word_1_189' title='bbox 997 1296 1115 1334; x_wconf 82' lang='lat' dir='ltr'>gloriae</span> <span class='ocrx_word' id='word_1_190' title='bbox 1141 1296 1305 1336; x_wconf 86' lang='lat' dir='ltr'>caelorum,</span> 
     </span>
     <span class='ocr_line' id='line_1_66' title="bbox 856 1341 1249 1381; baseline -0.003 -8"><span class='ocrx_word' id='word_1_191' title='bbox 856 1343 892 1374; x_wconf 90' lang='lat' dir='ltr'>In</span> <span class='ocrx_word' id='word_1_192' title='bbox 920 1342 1038 1381; x_wconf 85' lang='lat' dir='ltr'>proelio</span> <span class='ocrx_word' id='word_1_193' title='bbox 1063 1341 1249 1373; x_wconf 88' lang='lat' dir='ltr'>fortissimus</span> 
     </span>
     <span class='ocr_line' id='line_1_67' title="bbox 903 1388 1331 1428; baseline 0 -8"><span class='ocrx_word' id='word_1_194' title='bbox 903 1389 947 1420; x_wconf 86' lang='lat' dir='ltr'>Et</span> <span class='ocrx_word' id='word_1_195' title='bbox 969 1388 1117 1428; x_wconf 84' lang='lat' dir='ltr'>princeps</span> <span class='ocrx_word' id='word_1_196' title='bbox 1142 1389 1331 1427; x_wconf 84' lang='lat' dir='ltr'>angelorum.</span> 
     </span>
    </p>
   </div>
   <div class='ocr_carea' id='block_1_30' title="bbox 994 1472 1195 1506">
    <p class='ocr_par' dir='ltr' id='par_1_40' title="bbox 994 1472 1195 1506">
     <span class='ocr_line' id='line_1_68' title="bbox 994 1472 1195 1506; baseline -0.005 -8"><span class='ocrx_word' id='word_1_197' title='bbox 994 1472 1195 1506; x_wconf 82' lang='lat' dir='ltr'>Responsoria.</span> 
     </span>
    </p>
   </div>
   <div class='ocr_carea' id='block_1_31' title="bbox 825 1527 1276 1567">
    <p class='ocr_par' dir='ltr' id='par_1_41' title="bbox 825 1527 1276 1567">
     <span class='ocr_line' id='line_1_69' title="bbox 825 1527 1276 1567; baseline -0.007 -7"><span class='ocrx_word' id='word_1_198' title='bbox 825 1553 832 1560; x_wconf 92' lang='lat'>.</span> <span class='ocrx_word' id='word_1_199' title='bbox 855 1528 1071 1567; x_wconf 84' lang='lat' dir='ltr'>Archangelus</span> <span class='ocrx_word' id='word_1_200' title='bbox 1095 1527 1276 1566; x_wconf 89' lang='lat' dir='ltr'>mysterium</span> 
     </span>
    </p>
   </div>
   <div class='ocr_carea' id='block_1_32' title="bbox 854 1573 1354 1939">
    <p class='ocr_par' dir='ltr' id='par_1_42' title="bbox 854 1573 1354 1939">
     <span class='ocr_line' id='line_1_70' title="bbox 854 1573 1354 1613; baseline -0.004 -7"><span class='ocrx_word' id='word_1_201' title='bbox 854 1574 937 1606; x_wconf 89' lang='lat' dir='ltr'>Dum</span> <span class='ocrx_word' id='word_1_202' title='bbox 960 1574 1071 1613; x_wconf 85' lang='lat' dir='ltr'>pandit</span> <span class='ocrx_word' id='word_1_203' title='bbox 1095 1574 1202 1613; x_wconf 88' lang='lat' dir='ltr'>altum,</span> <span class='ocrx_word' id='word_1_204' title='bbox 1229 1573 1354 1604; x_wconf 90' lang='lat' dir='ltr'>dubium</span> 
     </span>
     <span class='ocr_line' id='line_1_71' title="bbox 903 1620 1279 1659; baseline 0 -7"><span class='ocrx_word' id='word_1_205' title='bbox 903 1620 963 1652; x_wconf 89' lang='lat' dir='ltr'>Cor</span> <span class='ocrx_word' id='word_1_206' title='bbox 987 1622 1088 1652; x_wconf 89' lang='lat' dir='ltr'>mutat</span> <span class='ocrx_word' id='word_1_207' title='bbox 1111 1620 1279 1659; x_wconf 87' lang='lat' dir='ltr'>virginale:</span> 
     </span>
     <span class='ocr_line' id='line_1_72' title="bbox 854 1666 1296 1709; baseline -0.005 -10"><span class='ocrx_word' id='word_1_208' title='bbox 854 1668 924 1709; x_wconf 87' lang='lat' dir='ltr'>Dic,</span> <span class='ocrx_word' id='word_1_209' title='bbox 951 1666 1089 1704; x_wconf 78' lang='lat' dir='ltr'>Gabriel,</span> <span class='ocrx_word' id='word_1_210' title='bbox 1115 1666 1296 1705; x_wconf 83' lang='lat' dir='ltr'>auspicium,</span> 
     </span>
     <span class='ocr_line' id='line_1_73' title="bbox 856 1711 1281 1753; baseline -0.002 -8"><span class='ocrx_word' id='word_1_211' title='bbox 856 1715 920 1752; x_wconf 79' lang='lat' dir='ltr'>Quo</span> <span class='ocrx_word' id='word_1_212' title='bbox 942 1714 1049 1753; x_wconf 83' lang='lat' dir='ltr'>gignat</span> <span class='ocrx_word' id='word_1_213' title='bbox 1073 1713 1159 1752; x_wconf 87' lang='lat' dir='ltr'>virgo</span> <span class='ocrx_word' id='word_1_214' title='bbox 1183 1711 1281 1744; x_wconf 90' lang='lat' dir='ltr'>filium</span> 
     </span>
     <span class='ocr_line' id='line_1_74' title="bbox 901 1760 1302 1792; baseline -0.005 0"><span class='ocrx_word' id='word_1_215' title='bbox 901 1760 1016 1792; x_wconf 81' lang='lat' dir='ltr'>Contra</span> <span class='ocrx_word' id='word_1_216' title='bbox 1039 1760 1088 1790; x_wconf 69' lang='lat' dir='ltr'>ius¹</span> <span class='ocrx_word' id='word_1_217' title='bbox 1112 1760 1302 1791; x_wconf 66' lang='lat' dir='ltr'>humanalc?</span> 
     </span>
     <span class='ocr_line' id='line_1_75' title="bbox 854 1806 1341 1846; baseline -0.004 -7"><span class='ocrx_word' id='word_1_218' title='bbox 854 1808 1014 1846; x_wconf 80' lang='lat' dir='ltr'>Nusquam</span> <span class='ocrx_word' id='word_1_219' title='bbox 1039 1806 1099 1837; x_wconf 88' lang='lat' dir='ltr'>viri</span> <span class='ocrx_word' id='word_1_220' title='bbox 1126 1807 1341 1838; x_wconf 85' lang='lat' dir='ltr'>commercium</span> 
     </span>
     <span class='ocr_line' id='line_1_76' title="bbox 856 1853 1281 1896; baseline -0.002 -11"><span class='ocrx_word' id='word_1_221' title='bbox 856 1854 987 1896; x_wconf 82' lang='lat' dir='ltr'>Admisi,</span> <span class='ocrx_word' id='word_1_222' title='bbox 1015 1861 1110 1892; x_wconf 82' lang='lat' dir='ltr'>quare</span> <span class='ocrx_word' id='word_1_223' title='bbox 1135 1853 1281 1892; x_wconf 87' lang='lat' dir='ltr'>gaudium</span> 
     </span>
     <span class='ocr_line' id='line_1_77' title="bbox 903 1900 1337 1939; baseline 0.002 -7"><span class='ocrx_word' id='word_1_224' title='bbox 903 1900 973 1932; x_wconf 78' lang='lat' dir='ltr'>Non</span> <span class='ocrx_word' id='word_1_225' title='bbox 999 1900 1084 1930; x_wconf 86' lang='lat' dir='ltr'>venit</span> <span class='ocrx_word' id='word_1_226' title='bbox 1106 1909 1240 1939; x_wconf 88' lang='lat' dir='ltr'>unquam</span> <span class='ocrx_word' id='word_1_227' title='bbox 1263 1901 1337 1933; x_wconf 87' lang='lat' dir='ltr'>tale.</span> 
     </span>
    </p>
   </div>
   <div class='ocr_carea' id='block_1_33' title="bbox 853 1964 1396 2379">
    <p class='ocr_par' dir='ltr' id='par_1_43' title="bbox 856 1964 1319 2007">
     <span class='ocr_line' id='line_1_78' title="bbox 856 1964 1319 2007; baseline 0 -12"><span class='ocrx_word' id='word_1_228' title='bbox 856 1965 913 2005; x_wconf 88' lang='lat' dir='ltr'>Tu,</span> <span class='ocrx_word' id='word_1_229' title='bbox 941 1964 1078 2007; x_wconf 83' lang='lat' dir='ltr'>Gabriel,</span> <span class='ocrx_word' id='word_1_230' title='bbox 1103 1965 1144 1996; x_wconf 89' lang='lat' dir='ltr'>ad</span> <span class='ocrx_word' id='word_1_231' title='bbox 1169 1965 1319 2004; x_wconf 87' lang='lat' dir='ltr'>virginem</span> 
     </span>
    </p>

    <p class='ocr_par' dir='ltr' id='par_1_44' title="bbox 855 2009 1284 2090">
     <span class='ocr_line' id='line_1_79' title="bbox 855 2009 1268 2045; baseline 0.002 -4"><span class='ocrx_word' id='word_1_232' title='bbox 855 2013 900 2045; x_wconf 89' lang='lat' dir='ltr'>Ut</span> <span class='ocrx_word' id='word_1_233' title='bbox 923 2009 1045 2043; x_wconf 83' lang='lat' dir='ltr'>auferas</span> <span class='ocrx_word' id='word_1_234' title='bbox 1069 2010 1268 2043; x_wconf 89' lang='lat' dir='ltr'>formidinem</span> 
     </span>
     <span class='ocr_line' id='line_1_80' title="bbox 898 2058 1284 2090; baseline 0 -1"><span class='ocrx_word' id='word_1_235' title='bbox 898 2058 1066 2090; x_wconf 85' lang='lat' dir='ltr'>Adcedens</span> <span class='ocrx_word' id='word_1_236' title='bbox 1090 2059 1136 2089; x_wconf 86' lang='lat' dir='ltr'>sic</span> <span class='ocrx_word' id='word_1_237' title='bbox 1161 2059 1284 2090; x_wconf 82' lang='lat' dir='ltr'>dixisti:</span> 
     </span>
    </p>

    <p class='ocr_par' dir='ltr' id='par_1_45' title="bbox 856 2105 1280 2145">
     <span class='ocr_line' id='line_1_81' title="bbox 856 2105 1280 2145; baseline 0.002 -10"><span class='ocrx_word' id='word_1_238' title='bbox 856 2105 904 2135; x_wconf 87' lang='lat' dir='ltr'>Tu</span> <span class='ocrx_word' id='word_1_239' title='bbox 927 2105 1047 2145; x_wconf 87' lang='lat' dir='ltr'>gratiae</span> <span class='ocrx_word' id='word_1_240' title='bbox 1074 2105 1280 2144; x_wconf 82' lang='lat' dir='ltr'>dulcedinem,</span> 
     </span>
    </p>

    <p class='ocr_par' dir='ltr' id='par_1_46' title="bbox 855 2151 1396 2238">
     <span class='ocr_line' id='line_1_82' title="bbox 855 2151 1396 2192; baseline 0.002 -10"><span class='ocrx_word' id='word_1_241' title='bbox 855 2151 938 2190; x_wconf 83' lang='lat' dir='ltr'>Quae</span> <span class='ocrx_word' id='word_1_242' title='bbox 958 2152 1060 2184; x_wconf 88' lang='lat' dir='ltr'>salvat</span> <span class='ocrx_word' id='word_1_243' title='bbox 1083 2161 1205 2183; x_wconf 83' lang='lat' dir='ltr'>omnem</span> <span class='ocrx_word' id='word_1_244' title='bbox 1230 2152 1396 2192; x_wconf 89' lang='lat' dir='ltr'>hominem,</span> 
     </span>
     <span class='ocr_line' id='line_1_83' title="bbox 901 2198 1214 2238; baseline 0.003 -9"><span class='ocrx_word' id='word_1_245' title='bbox 901 2199 929 2229; x_wconf 90' lang='lat' dir='ltr'>A</span> <span class='ocrx_word' id='word_1_246' title='bbox 947 2198 1014 2230; x_wconf 89' lang='lat' dir='ltr'>Deo</span> <span class='ocrx_word' id='word_1_247' title='bbox 1037 2199 1214 2238; x_wconf 86' lang='lat' dir='ltr'>repperisti,</span> 
     </span>
    </p>

    <p class='ocr_par' dir='ltr' id='par_1_47' title="bbox 853 2246 1269 2286">
     <span class='ocr_line' id='line_1_84' title="bbox 853 2246 1269 2286; baseline 0.005 -11"><span class='ocrx_word' id='word_1_248' title='bbox 853 2246 937 2276; x_wconf 88' lang='lat' dir='ltr'>Ante</span> <span class='ocrx_word' id='word_1_249' title='bbox 961 2249 992 2277; x_wconf 92' lang='lat' dir='ltr'>te</span> <span class='ocrx_word' id='word_1_250' title='bbox 1016 2246 1080 2277; x_wconf 86' lang='lat' dir='ltr'>scio</span> <span class='ocrx_word' id='word_1_251' title='bbox 1104 2246 1269 2286; x_wconf 85' lang='lat' dir='ltr'>neminem,</span> 
     </span>
    </p>

    <p class='ocr_par' dir='ltr' id='par_1_48' title="bbox 857 2291 1339 2379">
     <span class='ocr_line' id='line_1_85' title="bbox 857 2291 1339 2332; baseline 0.004 -10"><span class='ocrx_word' id='word_1_252' title='bbox 857 2291 936 2329; x_wconf 77' lang='lat' dir='ltr'>Quin</span> <span class='ocrx_word' id='word_1_253' title='bbox 960 2301 1071 2332; x_wconf 89' lang='lat' dir='ltr'>passus</span> <span class='ocrx_word' id='word_1_254' title='bbox 1095 2293 1137 2324; x_wconf 88' lang='lat' dir='ltr'>sit</span> <span class='ocrx_word' id='word_1_255' title='bbox 1161 2293 1339 2324; x_wconf 84' lang='lat' dir='ltr'>acredinem</span> 
     </span>
     <span class='ocr_line' id='line_1_86' title="bbox 901 2339 1300 2379; baseline 0.005 -10"><span class='ocrx_word' id='word_1_256' title='bbox 901 2339 981 2379; x_wconf 87' lang='lat' dir='ltr'>Irae,</span> <span class='ocrx_word' id='word_1_257' title='bbox 1007 2348 1098 2378; x_wconf 83' lang='lat' dir='ltr'>quam</span> <span class='ocrx_word' id='word_1_258' title='bbox 1124 2340 1300 2379; x_wconf 82' lang='lat' dir='ltr'>reppulisti.</span> 
     </span>
    </p>
   </div>
  </div>
 </body>
</html>
