1650 2542
685 237 724 268 21.
758 237 800 267 De
821 236 925 266 sancto
947 232 1106 271 Gerulpho.

408 307 450 337 In
477 308 506 339 1.
533 307 742 346 Vesperis.

484 379 600 413 Antiph‹
606 386 673 405 tuae.

283 434 314 467 1.
340 435 447 466 Illuxit
472 435 559 466 nobis
584 435 677 466 hodie

261 1489 298 1521 R.

262 1675 298 1707 V.

260 1943 297 1973 A.

338 480 445 511 Novae
468 480 616 518 splendor
638 480 784 516 laetitiae,

336 526 417 556 Dum
442 524 540 564 fulget
561 525 593 555 in
620 526 750 555 ecclesia

335 570 440 601 Sancti
465 570 615 608 Gerulphi
640 570 747 609 gloria.

335 642 379 674 Ut
402 651 456 673 vas
482 644 611 674 electum
637 644 765 675 caelitus

382 689 556 720 Virtutibus
580 690 726 729 imbutus,

335 734 473 766 Terrena
496 736 614 774 sprevit
638 736 761 774 penitus

380 780 532 812 Caelesua
555 785 687 815 secutus,

299 877 306 883 .
333 853 408 884 Post
431 855 605 886 sanctitatis
629 856 775 889 studium,

377 900 414 930 In
434 909 493 939 quo
512 898 658 945 [sanctus]
676 901 864 941 praefloruit

332 946 484 977 Ascendit
507 948 548 979 ad
574 949 767 989 martyrium,

379 992 467 1030 Quod
488 994 587 1025 solum
612 994 641 1025 ei
666 994 774 1027 defuit.

335 1066 465 1097 Athleta
488 1068 577 1099 fortis
602 1069 728 1100 Domini

378 1112 532 1144 Processit
556 1115 715 1154 proeliari,

332 1158 425 1199 Vicit,
451 1160 562 1191 victori
588 1161 692 1192 datum
718 1166 765 1194 est

377 1205 409 1235 in
435 1206 527 1237 caelis
550 1207 687 1246 gloriari.

298 1304 304 1310 .
329 1279 406 1310 Eius
431 1281 593 1318 praeclara
617 1283 729 1314 merita

335 1324 504 1365 Pangamus
528 1327 621 1359 laude
647 1329 762 1369 debita,

333 1370 375 1402 Ut
397 1380 453 1404 nos
477 1375 550 1412 post
572 1375 680 1405 mundi
703 1377 824 1416 proelia

330 1416 433 1448 Ducat
456 1419 495 1450 ad
523 1420 600 1451 caeli
624 1422 748 1460 gaudia.

331 1490 498 1535 Gerulphe7
525 1497 645 1533 martyr
666 1496 790 1535 nobilis,

329 1536 480 1570 Succurre
505 1541 566 1571 tuis
591 1539 715 1574 famulis

325 1583 368 1614 Et
391 1585 478 1617 salva
502 1587 563 1618 tuis
586 1588 732 1626 precibus

326 1630 401 1661 Tuis
426 1631 560 1664 intentos
584 1634 747 1677 laudibu53

329 1677 386 1715 Qui
409 1677 560 1710 laetamur
585 1681 700 1712 cotidie

330 1722 366 1752 In
391 1722 484 1754 laude
508 1727 580 1755 tuae
604 1726 732 1766 gloriae,

329 1768 391 1799 Per
413 1771 446 1798 te
470 1778 624 1802 sumamus
648 1775 788 1810 praemia

329 1813 479 1846 Caelestis
503 1817 586 1847 vitae
609 1819 733 1857 gaudia.

439 1887 483 1915 Ad
500 1890 674 1926 Magnificat.

325 1943 348 1975 Ο
376 1944 489 1976 dilecte
512 1946 589 1985 Deo,

375 1992 481 2034 nostri,
509 1992 677 2035 Gerulphe‚
703 2001 870 2041 memento,

328 2035 502 2074 Acquirens
526 2039 616 2071 nobis

377 2085 522 2114 aeternae
546 2087 660 2123 gaudia
686 2089 774 2121 lucis.

393 2175 422 2205 A
433 2175 451 2206 d
476 2175 731 2214 Matutinum.

456 2248 667 2277 Invitatorium.

328 2303 380 2334 Ad
403 2303 532 2335 iubilum
556 2307 640 2338 vocis

372 2349 533 2393 iungamus
559 2354 679 2386 cantica
704 2357 806 2388 cordis

1000 301 1042 332 Et
1069 308 1136 331 cum
1163 298 1324 337 Gerulpho

1044 346 1209 378 iubilemus
1222 346 1255 375 in
1268 344 1394 375 aethere
1405 342 1542 375 Christo.

1059 468 1103 499 In
1130 466 1160 498 1.
1186 465 1410 496 Nocturno.

1135 548 1328 581 Antiphonae.

948 605 977 637 1.
1005 603 1182 643 Gerulphus
1208 604 1298 635 almis
1327 602 1448 634 actibus

1000 650 1051 681 Ab
1076 651 1165 682 annis
1189 650 1362 689 puerilibus

1002 697 1038 728 In
1063 697 1132 736 lege
1155 696 1216 728 Dei
1241 696 1368 727 sedulus

1000 742 1076 773 Dies
1102 743 1165 782 egit
1189 751 1257 773 cum
1281 741 1436 775 noctibus.

969 824 976 829 .
1002 797 1084 829 Dum
1111 798 1313 829 convenirent
1333 797 1443 837 populi

1002 844 1163 876 Adversus
1189 846 1330 875 sanctum
1357 843 1490 882 Domini,

1002 890 1074 922 Solo
1099 889 1199 922 fidens
1223 891 1256 921 in
1280 890 1415 921 Domino

1003 937 1085 967 Vicit
1111 937 1176 968 eius
1200 937 1328 968 auxilio.

970 1017 975 1022 .
1000 992 1049 1023 De
1072 992 1178 1022 multis
1208 1000 1276 1022 eum
1302 991 1443 1023 hostibus

997 1038 1152 1070 Victorem
1176 1037 1252 1069 fecit
1273 1038 1434 1077 Dominus,

1000 1085 1132 1115 Addens
1158 1085 1223 1115 eius
1248 1085 1398 1116 victoriae

1001 1130 1125 1162 :Donum
1150 1131 1297 1170 perennis
1321 1131 1449 1170 gloriae.

1131 1223 1337 1258 Responsoria.

965 1303 972 1310 .
999 1280 1100 1311 Adest
1121 1288 1213 1311 sacra
1236 1280 1428 1311 sollemnitas

1002 1325 1108 1357 Sancti
1134 1325 1286 1364 Gerulphi
1311 1326 1469 1364 martyrisz

1001 1371 1097 1409 Quem
1120 1373 1210 1412 larga
1232 1372 1294 1404 Dei
1317 1373 1442 1404 bonitas

1000 1419 1132 1450 Summis
1159 1419 1271 1450 ditavit
1297 1419 1437 1459 gaudiis;

1000 1465 1043 1497 Ut
1065 1466 1216 1497 mundum
1242 1466 1289 1496 sol
1312 1465 1469 1498 illuminat

997 1510 1181 1550 splendoris
1206 1512 1254 1542 sui
1276 1512 1402 1552 lumine,

999 1557 1050 1588 Sic
1074 1559 1205 1589 ornavit·
1222 1559 1386 1589 ecclesiam

996 1604 1057 1635 Suo
1080 1603 1259 1643 Gerulphus
1283 1605 1443 1644 sanguine.

939 1664 946 1672 ‘
963 1682 970 1689 .
997 1658 1060 1689 Hic
1083 1667 1162 1697 puer
1187 1658 1225 1689 ab
1250 1657 1385 1691 infantia

995 1704 1222 1736 Detestabatur
1246 1705 1324 1736 vitia

995 1750 1038 1781 Et
1061 1751 1199 1782 intendit
1223 1751 1400 1791 virtutibus,

995 1796 1083 1827 Sicut
1104 1797 1266 1836 praecepit
1288 1797 1440 1830 Dominus
1451 1812 1459 1838 2

960 1868 967 1875 .
1001 1844 1203 1876 Coronandus
1227 1846 1379 1884 martyrio

996 1889 1037 1920 Se
1059 1890 1253 1929 mancipavit
1274 1890 1409 1924 Domino

991 1936 1035 1967 Et
1058 1937 1212 1976 gratiosus
1238 1938 1357 1969 exstitit

995 1982 1072 2013 Tam
1096 1983 1163 2014 Deo
1189 1992 1280 2022 quam
1304 1984 1490 2018 hominibus.

940 2037 971 2068 3.
995 2037 1231 2076 Frequentabat
1254 2039 1402 2071 ecclesias

998 2083 1179 2114 Devotionis
1204 2085 1305 2123 gratia

995 2129 1040 2160 Et
1062 2133 1241 2161 sanctorum
1265 2133 1432 2164 memorias

995 2175 1072 2207 Cum
1097 2184 1209 2214 magna
1232 2179 1418 2220 reverentia,

928 2220 964 2252 Vr
996 2221 1075 2259 Quos
1099 2221 1161 2252 iam
1179 2230 1248 2252 cum
1265 2223 1390 2256 Christo
1407 2232 1539 2260 noverat

1039 2266 1189 2298 Feliciter
1211 2270 1358 2311 gaudere,

997 2310 1127 2344 Illorum
1151 2315 1267 2346 sanctis
1292 2320 1450 2356 gressibus

1041 2358 1148 2400 Elegit
1169 2360 1344 2398 inhaerere.
