1650 2542
750 143 1001 177 ——168—

310 240 402 273 Cuius
426 241 458 271 in
480 240 550 271 aula

356 287 466 318 dicasti
492 285 686 324 catholicum,

310 333 402 364 Pater
426 335 561 371 aeterne,
588 331 758 370 collegium.

368 470 430 501 Ad
454 469 713 501 Matutinum.

436 551 645 577 Invitatorium.

309 606 462 637 Christum
487 614 591 645 regem
614 606 778 637 adoremus

352 652 474 685 Celebri
497 652 626 691 laetitia,

307 699 364 735 Qui
383 698 550 729 Iohannem
576 698 725 730 exaltavit

356 744 456 782 Supra
480 744 558 776 caeli
581 744 694 776 sidera.

371 882 416 913 In
441 882 472 913 1.
495 881 716 914 Nocturno.

449 963 640 998 Antiphonae.

276 1043 281 1050 .
306 1020 434 1051 Inclitus
459 1021 608 1052 ecclesiae

308 1065 470 1097 Protector
493 1067 592 1105 surgit
616 1066 654 1097 ab
679 1066 768 1097 hoste

309 1112 437 1143 Athleta
458 1121 570 1151 nempe
592 1115 745 1151 strenuus,

308 1157 471 1199 Iohannes,
500 1158 614 1190 Christi
639 1157 781 1190 famulus.

276 1245 283 1252 .
306 1222 478 1253 Iuventutis,
502 1221 608 1253 florem
633 1230 742 1261 gerens

354 1268 460 1299 mundi
484 1277 565 1299 vana
587 1269 714 1311 respuit,

308 1313 437 1344 Tactum
463 1314 579 1346 Christi
599 1315 730 1345 veritate

354 1368 444 1390 verus
469 1368 554 1391 amor
578 1360 698 1391 imbuit.

276 1447 283 1454 .
308 1423 438 1461 Quidam
464 1423 597 1454 feritatis

306 1468 452 1500 Stimulus
476 1470 599 1508 invasit,

310 1514 420 1546 Carum
444 1514 619 1547 interficere

308 1560 454 1592 Iohannis
480 1564 526 1592 est
549 1570 641 1593 ausus

307 1605 413 1637 Parcit
438 1610 529 1646 pater
551 1608 652 1639 libere

310 1651 409 1684 Cruce
431 1654 500 1685 visa
522 1654 555 1684 in
579 1657 714 1692 pectore.

279 1743 285 1749 .
310 1716 464 1749 Libertati
482 1720 645 1757 postquam

356 1762 473 1793 hostem
498 1764 692 1803 condonavit,

310 1807 398 1838 Intra
421 1809 528 1847 templi
552 1810 674 1841 ianuam

355 1856 496 1885 oraturus
519 1855 586 1895 ivit,

310 1899 442 1932 Curvam
466 1900 526 1932 sibi

355 1954 476 1977 crucem
500 1947 642 1980 adoravit

277 2035 284 2042 .
309 2009 362 2040 Sic
383 2009 524 2053 adflatus,
547 2012 709 2045 roboratus

355 2055 469 2086 Christi
494 2057 693 2100 documentis,

310 2101 402 2132 quta
424 2106 527 2134 votum
550 2104 647 2135 intrat
670 2106 771 2137 locum

357 2146 462 2178 Sancti
486 2148 637 2181 Miniatis.

277 2237 283 2244 .
311 2211 441 2250 Sumpta
461 2216 547 2244 veste
572 2213 704 2253 desuper

358 2266 444 2288 aram
470 2258 666 2291 turbulentus

311 2304 406 2335 Pater
434 2304 499 2335 eius
521 2305 660 2337 clamitat

359 2350 448 2388 prole
471 2350 647 2395 destitutus,

970 235 1023 267 Ad
1047 235 1217 267 Iohannem
1240 234 1343 265 inhiat

1015 283 1051 312 ut,
1074 282 1199 317 invasor
1222 282 1397 322 promptus,

1110 382 1312 417 Responsoria.

937 474 944 481 .
972 448 1088 480 Christi
1110 447 1271 479 confessor
1294 447 1431 483 inclitus,

969 495 1134 526 Possessor
1158 494 1257 525 sanct-i
1282 492 1417 525 flaminis

970 541 1080 572 Illuxit
1102 540 1192 572 nobis
1217 540 1356 578 caelitus,

970 588 1104 619 Consors
1126 587 1250 625 paterni
1274 585 1420 626 numinis,

972 632 1135 665 Vexillifer
1160 632 1289 663 eximius

972 679 1201 710 Valimbrosani
1224 678 1355 719 ordinis,

969 724 1140 764 Exemplar
1164 725 1248 755 vitae
1271 724 1390 764 gratius

971 771 1097 803 Cunctis
1122 769 1181 802 fuit
1207 770 1384 809 catholicis3

930 843 937 849 .
968 817 1140 857 Tamquam
1164 817 1251 848 sidus
1275 815 1462 848 firmamenti

1015 864 1168 895 Iohannes
1194 863 1346 894 ecclesiae

969 910 1065 941 Iubar
1087 909 1190 941 ferens
1215 909 1353 941 radianti

1012 956 1049 987 In
1074 956 1222 988 virtutum
1244 955 1400 995 lampade.

913 1048 919 1054 ·
938 1065 944 1071 .
967 1038 1135 1070 Homicida
1158 1040 1276 1078 praedo
1301 1038 1371 1077 fuit,

1017 1085 1115 1117 Cruor
1140 1094 1212 1116 ense
1236 1084 1389 1124 funditur,

971 1130 1118 1163 Obviavit
1141 1131 1336 1173 moribundo,

1015 1177 1146 1208 Illaesus
1168 1178 1334 1209 dimittitur

968 1224 1103 1262 Propter
1118 1224 1238 1263 signum
1257 1224 1358 1254 crucis
1376 1223 1513 1263 dignum,

1016 1269 1169 1301 Iohannes
1194 1270 1266 1301 dum
1290 1270 1432 1304 intuitur.

931 1339 939 1346 .
969 1315 1006 1346 In
1030 1316 1166 1355 spiritali
1192 1317 1295 1347 cordis
1320 1325 1376 1347 ara

1016 1361 1239 1392 Holocaustum
1264 1362 1388 1402 obtulit,

971 1407 1052 1438 Dum
1077 1408 1199 1446 iniquus
1223 1407 1261 1440 fit,
1283 1408 1411 1447 amicus,

1018 1454 1114 1492 Quem
1138 1457 1173 1485 ut
1197 1453 1328 1486 fratrem
1355 1455 1467 1495 diligit.

938 1562 945 1569 .
968 1536 1035 1567 Iam
1059 1536 1195 1568 imbutus
1220 1538 1261 1569 ad
1286 1539 1387 1570 altare

1018 1582 1169 1614 Precibus
1193 1583 1345 1623 incubuit,

974 1627 1077 1659 Cornu
1105 1630 1205 1660 crucis
1230 1631 1367 1661 salutare

1019 1674 1085 1705 Sibi
1108 1673 1223 1706 flexum
1249 1677 1412 1717 conspicit,

972 1720 1065 1751 Unde
1087 1730 1217 1759 prorsus
1243 1722 1392 1754 dedicare

1023 1765 1146 1798 Christo
1171 1776 1205 1798 se
1231 1768 1402 1808 disposuit3

935 1837 942 1844 .
974 1811 1111 1844 Caelitus
1135 1812 1268 1846 adflatus

1019 1860 1128 1891 mundi
1150 1861 1283 1893 calcavit
1308 1864 1445 1895 conatus.

937 1966 944 1973 .
969 1941 1049 1973 Dira
1075 1944 1173 1983 pestis
1199 1944 1394 1983 depravandi

1017 1988 1113 2020 Sacra
1140 1992 1215 2020 tunc
1238 1989 1391 2029 efferbuit,

972 2033 1063 2065 Hanc
1085 2035 1238 2067 Iohannes
1264 2036 1459 2075 exstirpandi

1018 2080 1123 2112 David
1146 2081 1247 2112 zelum
1269 2082 1383 2121 induit,

973 2125 1062 2163 Quod
1085 2135 1143 2165 per
1166 2127 1267 2167 legem
1289 2128 1386 2167 signis
1411 2130 1505 2169 plene

1020 2172 1169 2204 Omnibus
1193 2173 1346 2216 innotuit;

934 2242 942 2249 .
973 2216 1052 2248 Fixe
1075 2221 1183 2249 tenens
1207 2220 1371 2252 veritatem

1020 2264 1169 2303 Populum
1195 2266 1385 2307 adloquitur,

974 2309 1148 2341 Incurrisse
1171 2313 1358 2350 pravitatem

1021 2354 1153 2388 Praesul
1177 2358 1224 2389 sic
1249 2360 1452 2392 convincitur.
