1650 2542
764 134 990 168 -93-

661 227 716 259 Qui
736 227 767 252 in
783 227 866 253 terris
888 226 981 253 adhuc
1000 228 1111 262 positus

661 263 789 291 Gloriam
808 264 865 290 Dei
884 264 1014 296 intuitus,

660 301 734 328 Nam
752 308 838 335 saepe
858 300 1024 334 angelorum

661 336 761 364 Choris
781 337 945 370 interfuisti,

658 374 708 401 Nil
728 375 854 400 sentiens
875 374 910 400 tle
929 376 1080 409 corporeis,

658 410 741 438 Sicut
758 413 791 437 tu
812 411 967 446 scripsisti;

658 447 745 482 Ergo,
765 450 847 482 pater
867 450 972 480 sancte,

659 484 715 516 Qui
734 486 815 511 tanta
834 486 966 511 meruisti
986 493 1108 520 cernere,

657 521 811 548 Precamur
831 522 1005 556 suppliciter,

657 557 768 584 Perduc
786 566 839 585 nos
859 559 930 585 illuc
948 559 1078 588 feliciter.

237 601 271 627 In
297 599 320 627 1.
340 602 438 628 Noct.
465 600 486 627 Α
515 601 536 635 1,
558 601 575 628 2
600 603 717 630 Graecis
743 607 772 630 et
801 604 916 632 Latinis
941 604 996 632 BC.
1026 621 1063 626 —
1087 605 1128 634 In
1147 606 1173 634 2.
1194 609 1291 635 Noct.
1314 607 1336 634 Α
1360 607 1383 641 1,
1401 607 1419 635 2
1443 610 1513 637 Ver-

238 639 330 664 nanti:
352 638 384 664 B.
404 652 440 657 --
460 638 477 663 R
500 637 523 671 1,
544 637 562 665 2
584 639 700 667 Coctum
720 642 770 676 qui
789 642 822 668 B.

652 729 698 760 34.
730 730 773 760 De
791 731 896 761 sancto
916 731 1106 770 Hieronymo.

375 797 418 827 In
444 797 474 829 1.
500 796 606 836 Vesp
618 798 711 832 eris,
912 801 941 832 3.
968 800 1111 842 Laetare,
1139 802 1281 841 ecclesia,

1015 846 1064 878 De
1087 850 1174 878 tanto
1201 848 1337 890 doctore,

415 868 460 895 Ad
478 869 660 896 Matutinum.

238 921 277 953 A.
308 922 352 954 Ut
374 923 496 956 Christo
523 925 642 957 debitas

353 970 507 1001 solvamus
533 972 677 1003 carminis
702 973 787 1013 odas,

305 1013 352 1044 Sit
375 1017 558 1056 patrocinio,

351 1070 440 1099 quem
455 1063 536 1094 dulci
546 1064 707 1102 psallimus
716 1064 838 1107 hymno,

305 1105 436 1138 Sanctus
459 1109 651 1149 leronymus,

350 1153 496 1185 virtutum
520 1153 597 1186 flore
622 1157 762 1193 decorus,

300 1197 468 1238 Tamquam
494 1202 539 1232 sol
564 1202 731 1240 splendens

349 1247 379 1275 ct
406 1246 539 1285 desuper
555 1248 682 1279 aethera
697 1249 837 1289 tendens,

302 1290 441 1329 Migrans
466 1301 483 1323 e
506 1294 630 1333 mundo,

348 1337 492 1369 vitiorum
516 1339 588 1370 labe
611 1339 777 1379 profundo,

301 1382 353 1412 Ad
375 1391 502 1422 superos
528 1385 638 1416 choros

350 1428 455 1461 divina
477 1431 570 1462 laude
594 1440 730 1465 sonoros

364 1521 424 1552 Ad
449 1521 708 1555 Matutinum.

429 1595 639 1623 Invitatorium.

299 1650 391 1681 Nunc
415 1650 625 1689 hymnizemus

345 1696 478 1736 Christo,
505 1698 632 1735 psalmis
655 1699 820 1731 iubilemus

303 1741 377 1778 Viti,
402 1742 562 1781 Ieronymo

347 1788 499 1819 sociemur
515 1789 547 1820 in
565 1790 691 1821 aethere
707 1800 835 1825 summo.

351 1880 397 1911 In
424 1881 454 1913 1.
480 1880 702 1916 Nocturno.

437 1944 626 1980 Antiphonae.

265 2026 271 2031 .
298 2000 321 2031 O
346 2000 466 2039 lampas
492 2002 641 2033 ecclesiae

340 2046 384 2077 Et
408 2047 512 2077 lumen
536 2048 646 2090 solare,

295 2091 392 2122 Beate
414 2093 587 2132 Ieronyme,

347 2138 407 2169 Pro
431 2139 520 2170 nobis
544 2149 683 2180 precare.

263 2218 271 2225 .
296 2193 342 2224 Te
366 2202 405 2224 ex
427 2194 535 2225 matris
559 2198 647 2227 utero

341 2239 493 2271 Dominus
519 2242 651 2282 collegit,

297 2285 389 2317 Clara
414 2286 453 2317 de
476 2289 623 2327 prosapia

343 2332 440 2371 Quam
463 2333 524 2365 sibi
550 2335 651 2375 elegit.

970 893 1026 930 Qui
1051 902 1107 924 sua
1131 894 1287 933 sapientia

1014 939 1147 971 Vestivit
1172 944 1203 971 te
1229 941 1350 973 decore.

934 1028 940 1035 .
966 1003 1082 1035 Divina
1107 1005 1228 1044 eloquia

1013 1049 1058 1081 Ut
1081 1051 1240 1089 speculum
1266 1053 1417 1093 planavit,

965 1096 1001 1127 In
1027 1105 1086 1134 quo
1112 1105 1146 1127 se
1170 1096 1243 1129 Sion
1268 1097 1335 1130 filia

1012 1141 1131 1180 sponso
1156 1145 1364 1182 praeparavit.

933 1231 939 1237 .
966 1206 1044 1238 Eius
1070 1207 1246 1246 eloquentia

1013 1253 1107 1284 Velut
1130 1254 1212 1284 lacte
1235 1255 1302 1285 lota

963 1298 1023 1329 Est
1046 1301 1145 1330 mater
1170 1301 1302 1332 ecclesia

1012 1345 1094 1375 Vere
1118 1346 1250 1384 pulchra
1274 1350 1349 1381 tota.

929 1433 935 1440 .
962 1408 1087 1448 Scripta
1112 1410 1175 1441 eius
1201 1411 1351 1452 relucent,

1009 1455 1105 1486 Velut
1128 1459 1177 1487 tus
1201 1457 1231 1487 in
1257 1458 1337 1497 igne,

964 1501 1031 1532 Noc
1056 1501 1145 1533 effari
1169 1502 1287 1534 sufficit

1010 1548 1083 1586 Quis
1107 1550 1172 1580 eius
1196 1550 1304 1581 laudes
1331 1552 1433 1592 digne.

1096 1658 1298 1692 Responsoria.

929 1746 935 1753 .
962 1722 1037 1753 Vita
1060 1724 1160 1754 sancti
1185 1725 1346 1763 splenduit

1008 1768 1054 1800 Ut
1077 1770 1169 1800 stella
1192 1773 1355 1811 matutina,

962 1814 1050 1852 Quod
1077 1815 1188 1847 donum
1214 1818 1241 1848 ei
1268 1821 1398 1852 contulit

1007 1861 1135 1893 Bonitas
1159 1863 1274 1904 divina,

923 1932 930 1938 .
961 1906 1082 1938 Lucens
1110 1910 1264 1952 exemplo,

961 1954 1087 1985 Ardens
1112 1955 1232 1994 eloquio

962 2000 1035 2031 Vita
1060 2001 1124 2031 eius
1151 2003 1303 2041 regularis

962 2045 1005 2077 Ut,
1029 2045 1132 2085 fulgor
1155 2048 1284 2082 lunaris

928 2135 934 2142 .
960 2110 1048 2141 Sicut
1071 2119 1160 2142 arcus
1184 2112 1342 2153 refulgens

961 2156 1048 2187 Inter
1071 2156 1199 2189 nebulas
1224 2160 1352 2201 gloriae,

962 2202 1014 2233 Sic.
1037 2205 1162 2235 sanctus
1186 2206 1369 2246 leronymus

960 2248 998 2279 In
1023 2257 1153 2289 corpore
1178 2252 1337 2294 ecclesiae,

922 2319 929 2326 .
958 2294 1052 2332 Quasi
1074 2295 1152 2336 lilia,
1179 2308 1258 2337 quae
1281 2304 1354 2332 sunt

960 2342 997 2372 In
1021 2342 1155 2374 transitu
1179 2354 1339 2384 aquarum.
