1650 2542
703 131 955 166 -123-

251 223 300 254 Ac
326 224 461 256 animam
485 226 573 257 novit

302 270 341 301 de
364 272 466 303 carnis
493 280 619 304 carcere
643 275 732 317 solvi,

250 316 389 348 Transiit
413 318 455 349 ad
480 318 596 350 claram

296 363 458 394 Lamberti
482 366 629 404 martyris
654 375 750 406 aram,

182 409 218 440 V.
247 408 418 441 Exorando
443 411 568 449 quidem

297 464 331 486 se
356 458 585 489 commendavit
610 458 708 490 eidem

193 512 224 542 2.
251 511 418 543 Basilicam
442 512 548 552 subiit,

295 567 387 597 quam
412 558 498 590 Petri
521 559 615 591 laude
643 560 768 598 dicavit,

247 604 356 635 Albini
379 605 473 644 petiit

296 650 405 689 altare,
430 652 512 691 quod
536 652 605 692 ipse
629 653 774 695 sacravit,

248 698 332 728 Ante
361 698 443 737 quod
466 701 611 730 extensus

295 746 341 774 est
379 744 536 777 Christum
578 743 682 777 flendo
721 755 792 785 pre-

569 795 664 832 catus,

177 836 216 867 V.
246 836 318 867 Illic
341 839 516 875 prostratus

295 885 343 913 est
358 883 496 915 tumbam
511 892 641 924 corpore
654 893 786 918 mensus,

190 939 221 970 3.
248 937 323 970 Cum
348 947 431 970 mors
461 939 608 978 instabat,

293 985 398 1016 oculos
425 985 540 1016 direxit
562 986 603 1017 ad
630 989 725 1024 astra,

245 1030 334 1062 Haec
354 1031 559 1070 precabatur:

292 1077 354 1108 iam
380 1086 473 1116 cogor
496 1078 645 1117 languida
669 1081 773 1110 castra

247 1123 394 1162 Corporis
419 1124 513 1163 exire,

291 1170 400 1201 mortis
425 1178 545 1209 quoque
563 1171 699 1202 claustra
716 1172 788 1202 sub—

564 1225 612 1247 ire
622 1228 627 1233 ·

173 1262 210 1296 V.
242 1262 295 1294 Sic
319 1262 503 1305 exspirasse,
621 1242 629 1256 ⁹

289 1309 335 1340 sic
359 1307 459 1340 fertur
483 1309 524 1340 ad
549 1312 634 1341 astra
655 1310 785 1343 levasse,

413 1382 550 1409 Prosella.

175 1439 191 1471 1
209 1447 236 1470 a.
268 1438 417 1478 Huberte,
443 1440 569 1478 praesul
594 1440 714 1482 eximie,

267 1484 374 1516 Proles
398 1485 528 1524 insignis
551 1487 726 1527 prosapiae,

175 1542 191 1573 1
207 1541 239 1573 b.
264 1541 373 1572 Totius
399 1541 499 1572 cultor
522 1542 703 1583 munditiae,

266 1587 362 1619 Iubar
384 1587 579 1627 praeclarum
606 1590 764 1630 ecclesiae,

174 1644 193 1674 2
209 1651 236 1674 a..
265 1642 399 1674 Resides
423 1643 517 1674 hodie

265 1690 302 1721 In
326 1689 438 1721 throno
462 1690 589 1729 gloriae,

173 1747 192 1777 2
206 1746 237 1779 b.
262 1745 391 1777 Frueris
414 1746 521 1785 requie

265 1792 414 1824 Caelestis
438 1792 569 1830 patriae.

175 1848 237 1880 3a.
267 1847 374 1878 Noxas
399 1850 519 1879 nostras

313 1893 481 1924 clementer
504 1894 595 1936 dilue,

174 1951 193 1982 3
208 1949 238 1982 b.
263 1950 368 1989 Atque
391 1950 506 1981 nostris

312 1996 457 2036 precibus
481 1996 593 2029 adnue.

329 2091 374 2122 In
398 2090 627 2122 Laudibus

387 2163 582 2200 Antiphonae.

185 2223 215 2256 1.
243 2221 319 2253 Post
344 2221 512 2252 discessum
539 2219 724 2252 confessoris

287 2269 379 2299 Anno
404 2271 491 2299 sexto
518 2267 637 2300 decimo

242 2314 309 2346 Sibi
335 2315 404 2346 dari
430 2324 483 2347 vas
507 2315 634 2346 honoris

288 2361 412 2395 Placuit
436 2362 587 2394 altissimo

920 226 962 258 Et
986 225 1085 257 levari
1109 234 1180 256 ossa
1204 223 1280 256 foris

968 272 1042 304 Cum
1069 272 1184 302 honore
1207 271 1351 303 maximo.

866 329 895 361 2.
921 329 1073 366 Apertum
1099 329 1146 357 est
1168 328 1398 358 monumentum

966 373 1101 405 Gloriosi
1130 373 1277 415 corporis,

921 420 1049 452 Nullum
1073 420 1171 451 sensit
1196 420 1413 451 detrimentum

966 467 1129 499 Vetustate
1153 466 1311 506 temporis,

921 512 984 545 Sed
1007 513 1149 544 illaesum
1174 515 1222 544 est
1243 512 1402 544 inventum

963 559 1004 591 Os
1028 568 1095 590 oum
1120 559 1267 591 membris
1294 559 1412 590 ceteris.

863 616 893 647 3.
919 615 1148 646 Karlomannus
1175 617 1208 645 ut
1231 614 1361 653 audivit,

963 661 1012 692 De
1034 658 1138 700 regali
1156 661 1234 692 solio

920 706 996 739 Cum
1019 715 1116 738 uxore
1138 709 1214 738 tunc
1238 707 1335 739 exivit

964 754 1086 785 Relicto
1114 754 1242 792 palatio,

918 800 970 831 Ad
996 800 1163 832 videndum
1189 800 1270 830 hunc
1293 798 1439 830 transivit

964 846 1078 877 Plenus
1106 855 1216 885 magno
1241 846 1365 885 gaudio.

860 904 891 933 4.
916 902 1008 933 Hunc
1044 909 1111 932 cum
1146 904 1235 932 coetu
1261 909 1317 932 rex
1342 900 1460 938 prima-

1237 949 1302 977 tum

962 993 1011 1024 De
1033 993 1175 1031 sepulcro
1200 993 1326 1024 sustulit

918 1039 1046 1071 Sacrum
1072 1047 1184 1077 corpus
1207 1039 1414 1078 praelibatum

961 1086 1005 1117 Et
1029 1094 1097 1116 cum
1119 1085 1241 1125 hymnis
1268 1085 1380 1117 detulit

912 1132 966 1163 Ad
990 1132 1089 1163 altare
1115 1134 1327 1163 consecratum

960 1178 1005 1210 Et
1034 1179 1067 1209 in
1091 1178 1188 1209 altum
1212 1178 1346 1211 sustulit.

859 1236 889 1266 5.
916 1235 1084 1273 Postquam
1110 1242 1221 1272 corpus
1248 1234 1412 1265 collocavit

963 1280 1038 1312 Cum
1062 1280 1126 1311 suis
1148 1280 1341 1319 proceiibuS,

914 1326 1087 1358 Ecclesiam
1111 1326 1192 1357 hanc
1216 1327 1329 1358 dita-vit

962 1373 1085 1412 Magnis
1107 1371 1318 1412 facultatibus,

914 1419 966 1451 Sic
989 1419 1021 1450 in
1046 1419 1109 1450 suis
1134 1419 1299 1451 honoravit

959 1465 1134 1497 Hubertum
1157 1465 1345 1497 muneribus.

1029 1557 1073 1584 Ad
1093 1557 1273 1584 Benedictus.

841 1624 880 1655 A.
908 1623 1080 1655 Benedicta
1104 1624 1147 1654 sis
1171 1624 1316 1655 maiestas

959 1669 1116 1702 Creatoris
1141 1670 1286 1710 omnium,

912 1716 997 1755 Quae
1020 1716 1162 1748 Huberto
1185 1719 1269 1748 tuum
1296 1721 1439 1756 praestas

961 1763 1065 1795 Hodie
1086 1763 1246 1806 palatium,

913 1809 1005 1842 Cuius
1030 1810 1129 1842 virtus
1155 1813 1186 1841 et
1209 1812 1347 1850 potestas

960 1856 1030 1888 Non
1048 1857 1144 1889 habet
1166 1857 1299 1898 initium,

912 1903 949 1934 In
969 1912 1029 1942 qua
1053 1904 1141 1935 nulla
1159 1903 1197 1935 fit
1222 1907 1352 1943 egestas,

960 1949 1023 1981 Sed
1046 1949 1173 1981 ubertas
1199 1951 1342 1984 omnium.

983 2082 1028 2113 In
1053 2082 1084 2112 2.
1111 2081 1323 2121 VesperiS.

1029 2164 1075 2191 Ad
1092 2164 1269 2201 Magnificat.

913 2220 1011 2263 Hanc,
1037 2221 1190 2262 Huberte,
1217 2223 1393 2255 dedicatam

959 2269 1072 2300 Aulam
1096 2278 1115 2300 a
1138 2271 1171 2300 te
1194 2270 1351 2310 primitus,

912 2314 998 2346 Tuae
1022 2324 1144 2355 quoque
1167 2317 1385 2349 subarrhatam

960 2361 1147 2402 Sepulturae
1172 2363 1297 2396 dotibus
