1650 2542
241 433 325 457 natus
346 432 378 458 B.

760 145 1011 178 —262—

684 237 726 264 Ut
743 245 796 264 nos
816 240 927 273 ereptos

684 274 780 301 Huius
800 275 898 301 mundi
916 275 1059 309 fiuctibus,

686 312 752 338 Suis
772 313 878 338 sanctis
897 313 1029 345 precihus

685 348 764 375 Caeli
783 349 939 383 coniungat
959 350 1079 377 civibus.

243 395 282 421 In
304 393 327 420 1.
347 394 447 421 Noct.
472 392 491 419 R
512 392 593 428 2,1υ
612 394 753 420 Praemiis
774 395 852 421 vitae
870 395 903 422 A.
924 397 1015 423 —In
1034 394 1059 423 2.
1080 396 1180 424 Noct.
1199 396 1221 423 Α
1242 396 1268 429 2,
1283 398 1300 425 3
1316 398 1421 424 Christi
1442 405 1521 424 eoro-

456 430 473 456 R
494 429 525 463 2,
552 429 569 456 2
589 432 707 463 spiritus
727 432 819 457 sancti
838 432 872 458 A
892 446 928 450 —-
946 433 989 460 In
1007 433 1033 460 3.
1055 435 1153 461 Noct.
1176 433 1195 460 R
1219 434 1243 466 1,
1261 418 1281 461 '4
1302 435 1333 462 R«
1338 435 1518 461 xsschildensi

241 470 375 502 procurat
400 468 457 494 BC.
477 482 514 487 —
532 465 551 492 R
573 466 602 499 2,
630 465 647 495 3
667 467 779 495 Gaudia
798 468 901 495 festiva
921 470 977 497 BC.
997 485 1033 489 —
1055 469 1074 496 R
1096 469 1188 503 2,10
1207 473 1332 508 fulgetg³
1320 472 1410 498 *lox-ia
1429 472 1463 498 A.

242 503 261 529 R
283 502 363 535 2,11
388 505 423 531 111
441 507 471 530 te
491 488 602 531 Christe
624 505 655 537 B,
677 504 872 531 collaudamus
892 506 947 533 BC.

239 541 271 573 B,
291 541 411 567 Beatum
433 541 554 567 Lucium
576 541 606 569 C.

1013 505 1033 532 R
1054 491 1136 540 2,13
1150 508 1270 535 Beatum
1289 510 1383 535 virum
1397 510 1516 536 Lucium

654 539 703 565 -R
724 539 755 574 3,
781 542 798 568 3
821 542 892 569 fehlt
911 542 967 571 BC.
987 558 1024 562 ——
1039 528 1079 572 111⁷
1097 545 1202 572 Laud.
1223 545 1244 571 A
1267 544 1330 578 2,1
1351 546 1518 573 Veneranda

240 578 354 612 praesul
376 578 407 604 C.
426 593 464 597 —
484 576 505 603 A
526 576 551 610 2,
571 576 589 605 3
610 577 781 605 Caelesti-im
801 581 918 614 agmina
938 580 967 609 O.
984 596 1020 600 —
1034 580 1056 607 A
1078 580 1104 615 2,
1125 581 1144 608 4
1162 583 1293 610 Viriliter
1309 586 1421 610 certans
1439 583 1488 610 G.

239 614 259 639 A
281 612 312 646 2,
334 613 351 641 5
372 614 466 641 studii
494 616 648 642 certamine
668 614 698 641 C.
718 629 756 633 ——
773 614 795 641 A
816 617 848 648 2,
875 615 891 643 6
908 616 1025 653 Semper
1045 620 1190 646 exsultans
1211 620 1241 648 (ζ.
1262 635 1300 639 -
1319 619 1340 644 Α
1364 618 1390 652 3,
1410 619 1427 646 2
1447 620 1518 647 fehlt

237 651 295 678 AB.
336 667 352 671 —
374 649 421 677 AA
444 650 475 683 1,
504 650 523 678 4
547 652 606 678 und
625 650 642 678 5
669 653 817 687 prosaisch
841 636 873 680 ’Q
896 668 930 672 —
945 656 990 682 In
1008 654 1033 681 2.
1053 656 1147 690 Vcsp
1178 657 1221 683 Ad
1240 657 1317 692 Mng.
1338 655 1376 689 A,
1404 655 1422 683 2
1447 657 1517 684 fehlt

238 689 269 715 B.
290 703 326 707 —
346 688 419 715 Ibid.
441 686 459 715 8
475 689 636 716 Decantent
650 689 683 722 A,
699 690 815 717 laudem
834 691 895 717 Deo
915 691 948 718 B.
964 706 1000 710 —
1023 693 1080 719 Die
1101 693 1161 720 drei
1178 694 1515 729 augeh‹r1ge111-1ymnen

237 725 285 751 cfr.
302 724 389 752 Anal.
406 726 507 752 xxm
526 727 577 753 Nr.
597 723 651 753 397
669 735 730 761 sqq.

670 825 709 855 91.
737 826 779 855 De
799 826 902 856 sancto
921 826 1073 866 Ludgero.

373 893 418 923 In
444 892 474 923 1.
499 893 713 931 vesperis.

419 964 465 990 Atl
483 965 658 1000 Mag-nificat.

304 1019 439 1051 Gloriosi
464 1020 648 1052 confessoris
674 1023 791 1055 Christi

302 1065 440 1104 Ludgeri
464 1067 625 1098 sollemnia

300 1111 420 1143 Devoto
445 1115 595 1143 concentu

348 1157 485 1188 celebret.
508 1159 649 1198 ecclesia,

300 1204 394 1241 Quem
418 1204 541 1235 Domini

346 1249 447 1288 piet-as
472 1250 650 1282 sublimavit

300 1295 343 1326 Et.
365 1299 541 1327 sanctorum

347 1341 488 1372 claritate
512 1341 707 1381 glorificavit.

361 1461 422 1491 Ad
445 1461 706 1494 Matutinum.

432 1533 643 1561 Invitatorium.

296 1590 433 1621 Aeterno
458 1590 524 1630 regi

343 1635 472 1666 iubilum
496 1640 639 1668 resonate
663 1646 818 1680 canorum,

296 1680 474 1721 Ludgerum
497 1684 608 1714 merito

344 1728 397 1766 qui
421 1729 506 1759 vexit,
529 1730 570 1760 ad
595 1730 660 1761 alta
683 1732 837 1770 polorum.

355 1848 401 1878 In
428 1848 456 1880 1.
485 1848 708 1883 Nocturno.

435 1920 626 1957 Antiphonae.

264 2002 271 2008 .
297 1977 412 2008 Beatus
436 1977 610 2020 Ludgerus,
636 1983 721 2011 ortus

295 2023 345 2054 Ex
368 2032 481 2062 genere
504 2025 663 2067 nobilium,

295 2069 454 2108 Tanquam
479 2069 675 2102 fructiferum
698 2073 815 2113 lignum

294 2114 360 2145 Deo
380 2116 413 2145 in
438 2116 568 2147 ecclesia

296 2159 385 2192 Fecit
408 2160 543 2193 fructum
569 2164 703 2203 dignum.

262 2241 268 2247 .
296 2215 358 2247 Ubi
380 2218 576 2254 postmodum
596 2221 782 2258 praedicans

298 2262 502 2301 Praeceptum
527 2264 659 2308 Domini,

296 2307 411 2339 Gentes
437 2312 635 2350 congregavit

294 2354 332 2385 In
355 2355 505 2387 unitatem
529 2356 612 2390 fidei.

915 897 945 927 3.
971 897 1171 928 Invocantem
1192 907 1226 928 se
1242 898 1327 929 Deus
1344 899 1513 937 exaudivit,

971 942 1052 973 Dum
1074 952 1132 982 pro
1159 945 1367 976 construendo

970 989 1123 1020 Verdensi
1149 990 1295 1021 coenobio

970 1034 1086 1065 Silvam
1103 1038 1133 1065 et
1150 1036 1217 1067 sine
1233 1036 1316 1068 ferro
1329 1038 1511 1077 praescidit.

1107 1137 1309 1171 Responsoria.

908 1218 939 1249 1.
961 1218 1075 1249 Beatus
1098 1219 1272 1262 Ludgerus,

966 1265 1004 1295 In
1028 1265 1192 1304 scripturis
1217 1267 1314 1297 sacris

967 1311 1020 1342 Ad
1044 1320 1196 1342 summum
1222 1314 1372 1349 eruditus,

967 1356 1096 1387 Gentem
1120 1358 1287 1390 Frisonum

966 1401 1127 1434 Convertit
1150 1405 1190 1435 ad
1214 1404 1399 1444 Dominum3

895 1447 933 1479 V.
962 1447 1056 1479 Fidei
1080 1450 1196 1490 quippe
1221 1460 1327 1482 semen

1011 1496 1138 1535 cupiens
1155 1498 1310 1528 seminare
1321 1506 1379 1536 per
1391 1498 1509 1538 orbem,

964 1540 1140 1573 Brabantos
1166 1547 1198 1574 et
1221 1543 1361 1575 Saxones

1012 1587 1136 1620 Christo
1161 1588 1238 1620 fecit
1262 1598 1330 1621 esse
1353 1589 1473 1623 fideles.

906 1652 938 1682 2.
963 1651 1038 1683 Vita.
1061 1654 1111 1684 vir
1131 1658 1265 1695 sanctus,

1009 1699 1104 1730 verbo
1129 1709 1249 1740 quoque
1271 1701 1465 1742 testificatus,

962 1744 992 1774 A
1016 1753 1113 1782 puero
1140 1746 1296 1778 Christum

1009 1795 1143 1823 mentem
1166 1793 1306 1825 iactabat
1328 1794 1360 1825 in
1386 1795 1499 1835 ipsum,

892 1834 929 1865 V.
959 1835 994 1866 ln
1020 1838 1089 1878 lege
1111 1838 1238 1871 Domini

1009 1888 1102 1915 nocte
1126 1887 1295 1918 meditatus
1322 1887 1444 1926 dieque.

906 1946 936 1977 3·
964 1947 1115 1988 Suscepto
1138 1951 1234 1990 igitur
1257 1951 1333 1983 fidei

1010 2003 1047 2026 ac
1072 1997 1211 2028 caritatis
1237 1999 1385 2030 cinctorio

962 2040 1059 2073 Beato
1083 2044 1186 2083 coepit

1011 2088 1183 2120 adhaerere
1208 2089 1371 2131 Gregorio,

963 2134 1021 2171 Qui
1046 2143 1113 2165 cum
1138 2135 1301 2174 episcopus

1010 2183 1093 2211 esset
1115 2181 1199 2221 apud
1224 2182 1412 2225 Traiectum,

963 2226 1043 2257 Eum
1064 2236 1142 2265 prae
1166 2229 1277 2259 ceteris

1009 2273 1107 2311 magis
1131 2273 1267 2305 habebat
1291 2281 1463 2319 acceptum,

894 2318 931 2349 V.
964 2318 1060 2356 Quem
1083 2320 1156 2357 quia
1179 2320 1246 2352 Deo
1273 2326 1304 2352 et
1332 2323 1507 2359 hominibus

1008 2364 1096 2396 novit.
1120 2374 1188 2397 esse
1213 2368 1369 2404 dilectum.
