1650 2542
687 122 933 156 —233—

164 217 255 244 selbst
276 217 318 244 als
338 224 415 244 nova
433 217 611 251 bezeichnet,
632 217 704 244 wird
718 216 880 251 Stephanus
893 216 1021 251 genaunt
1033 214 1065 240 in
1079 212 1135 239 den
1147 211 1236 239 Gesta
1250 210 1447 245 episcoporum

163 254 385 281 Leodiensium:
413 256 460 288 „et
478 255 734 289 responsoria,
774 261 830 280 uae
848 254 879 279 in
898 252 1091 279 sollemnitate
1111 250 1172 276 eius
1192 249 1353 280 cantamus,
1373 253 1448 272 com-

165 289 293 326 posuit;“
313 292 393 318 Mon.
407 291 501 318 Germ.
524 291 590 324 VH,
612 289 667 319 200
686 300 715 318 n.
735 289 752 317 2
773 310 779 317 .
812 290 878 326 Vgl.
893 290 965 316 Acta
981 287 1030 315 SS.
1047 287 1124 321 Sept.
1137 286 1174 315 V,
1195 282 1249 311 519
1268 293 1297 311 n.
1313 281 1348 310 10
1361 291 1389 309 u.
1405 280 1449 309 11,

592 380 639 411 80.
672 381 716 411 De
736 380 843 410 sancto
861 378 1033 410 Lamberto.

301 450 347 482 In
373 450 404 482 1.
432 448 645 488 Vesperis.

350 521 443 558 Super
461 521 602 549 Psalmos.

168 581 207 613 A.
238 579 262 611 O
287 579 457 611 Lamberte
480 581 581 618 pater,

284 635 341 657 nos
365 628 534 664 nostraque
558 629 687 664 protege
703 633 781 655 sem-

557 679 624 713 per,

238 719 305 750 Nos
331 727 369 749 ex
392 726 480 749 more
504 717 578 749 boni

285 764 392 796 refove
419 764 555 795 curando
580 763 715 802 patroni.

201 848 208 854 .
239 821 397 853 concentu
422 828 533 859 magno

288 875 433 906 superum
460 874 611 905 generosa
634 874 773 904 propago

239 914 392 946 Personet
417 912 559 944 altisonis

293 960 387 990 tellus
414 968 482 990 cum
507 958 652 989 laudibus
674 958 784 995 omnis,

241 1006 389 1037 Exsultet
413 1005 511 1036 nostri

288 1051 401 1083 festum
426 1051 593 1082 recolendo
618 1050 754 1090 patroni,

201 1125 208 1131 .
238 1099 332 1132 Cuius
357 1098 503 1130 continua

287 1153 382 1184 prece
399 1144 611 1184 pertingamus
629 1143 669 1173 ad
687 1145 782 1173 astra.

364 1217 408 1244 Ad
426 1215 601 1252 Mag-nificat.

202 1302 209 1308 .
241 1275 264 1307 O
288 1277 420 1313 martyr,
447 1273 548 1313 gaude

288 1321 405 1352 celebri
427 1328 485 1359 per
505 1319 630 1350 saecula
653 1318 753 1357 laude,

241 1367 412 1407 Angelicus
438 1367 542 1397 coetus

288 1413 402 1445 fruitur
427 1421 486 1452 quo
511 1420 658 1450 compare
673 1412 784 1450 laetus,

242 1461 371 1499 Nosque
395 1459 467 1499 polo
492 1462 593 1490 tecum

290 1506 388 1538 facias
411 1505 549 1545 gaudere
572 1513 629 1544 per
654 1512 774 1536 aevum.

376 1579 588 1607 Invitatorium.

205 1664 211 1671 .
244 1637 335 1670 Omni
358 1635 571 1676 Lambertum‚

288 1685 413 1723 plenum
439 1682 557 1722 pietate
580 1679 738 1721 refertum,

242 1731 358 1763 Vivere
384 1738 453 1760 cum
477 1728 573 1760 verbo

285 1777 423 1817 gaudere
447 1775 551 1807 venite
575 1782 719 1813 superno.

305 1889 350 1921 In
376 1888 406 1921 1.
432 1887 658 1919 Nocturno.

386 1960 578 1996 Antiphonae.

208 2047 215 2054 .
240 2021 356 2054 Inclita
376 2018 549 2056 Lamberti‚

288 2068 440 2100 virtutum
465 2065 561 2096 laude
585 2062 704 2100 referti,

241 2115 339 2146 Festa
362 2113 462 2153 patris
486 2111 591 2151 magni

289 2161 469 2201 praesentat
494 2158 627 2189 circulus
652 2156 735 2189 anni.

210 2243 217 2250 .
243 2216 306 2247 Hic
330 2215 449 2246 meritis
476 2215 579 2246 clarus

291 2262 471 2300 cunctisque
489 2269 547 2301 per
559 2259 663 2292 omnia
675 2267 789 2298 gnarus

244 2309 349 2341 Fulsit
372 2310 407 2338 ut
430 2316 544 2339 aurora

291 2354 445 2388 Childrici
468 2354 550 2395 regis
574 2353 607 2384 in
631 2352 712 2384 aula.

851 449 881 480 3.
907 446 1081 479 Ecclesiam
1105 445 1209 484 largus

847 2108 883 2139 V.

925 534 929 535 ⁷
954 497 1028 524 tunc
1051 491 1133 523 rexit
1157 488 1381 521 Theodoardus

908 539 1036 570 Praesul
1066 537 1221 576 Treiecto,

955 586 1007 624 qui
1031 585 1111 616 vixit
1131 583 1258 614 tramite
1279 584 1373 612 recto.

876 665 882 671 .
910 640 973 673 Sub
997 643 1083 670 cuius
1108 647 1181 669 cura

953 686 1029 717 vicit
1051 684 1184 724 puerilia
1208 684 1277 714 iura

911 733 1042 764 Sanctus
1068 730 1253 763 Lambertus

957 778 1061 810 divino
1086 776 1213 809 foedere
1236 777 1349 807 rectus,

913 837 985 867 Post
1011 835 1107 866 bonus
1131 835 1163 863 et
1186 832 1287 863 clarus

954 881 992 913 fit
1017 882 1124 913 doctor
1149 880 1189 910 ad
1213 878 1316 909 omnia
1339 884 1452 915 gnarus

911 927 1023 960 Verbis
1049 929 1080 958 et
1103 925 1195 956 factis

958 974 1055 1005 sacris
1078 972 1223 1010 vitiisque
1245 969 1392 1000 subactis.

880 1053 887 1060 .
913 1028 1063 1061 Praesule
1088 1025 1234 1058 defuncto

957 1074 1080 1113 superis
1105 1075 1137 1103 et
1155 1073 1188 1103 in
1207 1071 1333 1102 aethera
1349 1070 1453 1100 iuncto

914 1122 976 1153 Hic
999 1120 1185 1151 sublimatur

958 1170 1094 1205 nutuque
1117 1165 1178 1197 Dei
1203 1163 1386 1196 dominatur.

1048 1266 1252 1301 Responsoria.

916 1343 1043 1375 Praesul
1067 1340 1266 1372 honorandus

960 1393 992 1421 et
1013 1390 1132 1427 martyr
1156 1385 1377 1427 giorificandus

917 1437 993 1467 Vico
1017 1434 1203 1467 Lambertus

960 1480 1153 1514 Treieetensi
1177 1478 1238 1511 fuit
1261 1481 1347 1510 ortus

912 1529 983 1560 Miti
1008 1529 1113 1559 mente
1137 1526 1198 1557 Dei

961 1574 1080 1606 studuit
1105 1582 1139 1604 se
1162 1571 1297 1603 subdere
1320 1570 1393 1610 legi.

916 1631 1075 1663 Garnalem
1103 1629 1255 1660 citharam

957 1676 1164 1716 suspenderat
1186 1675 1219 1705 in
1245 1673 1344 1705 crucis
1362 1681 1458 1711 aram,

916 1725 989 1755 Vita
1012 1723 1075 1754 sibi
1100 1722 1240 1754 Christus

962 1769 1023 1801 fuit
1047 1772 1078 1800 et
1100 1768 1233 1799 mundus
1259 1765 1433 1807 crucifixus,

913 1817 1053 1849 Maxima
1074 1817 1164 1847 lucra
1187 1814 1267 1845 mori

963 1871 1091 1895 censens
1115 1860 1284 1900 reputabat
1306 1859 1426 1891 honori.

916 1919 1048 1951 Sanetus
1074 1918 1219 1949 collatum

962 1965 1022 1997 sibi
1046 1965 1128 1996 rexit
1153 1961 1376 2003 pontificatum,

915 2013 1031 2044 Factus
1059 2012 1093 2043 in
1118 2010 1278 2049 exemplar

962 2059 1073 2091 summi
1094 2057 1230 2097 pastoris
1255 2056 1295 2088 ad
1320 2055 1429 2095 instar,

913 2107 1015 2139 Iustos
1039 2104 1186 2144 firmavit,

961 2155 1142 2192 peccatores
1168 2150 1331 2182 recreavit.

858 2211 889 2242 4.
919 2207 1055 2248 Signifer
1078 2207 1219 2247 insignis,

962 2258 994 2286 te
1018 2255 1100 2286 sacri
1121 2253 1296 2294 pneumatis
1320 2250 1401 2290 ignis

916 2303 969 2334 Sic
991 2300 1209 2338 infiammarat,

962 2348 1044 2388 quod
1070 2346 1169 2387 frigus
1191 2355 1252 2377 non
1279 2344 1452 2383 cruciarat3
