1650 2542
752 141 1003 175 —224—

401 235 445 266 In
470 234 694 267 Laudibus,
977 233 1113 272 Lampas
1136 233 1329 271 Laudonifflb

518 308 524 314 ,
1021 279 1150 310 lucerna
1172 279 1308 319 luminis,

457 308 646 342 Aniuphonae.
975 324 1120 357 Almffice

255 361 284 393 1.
313 362 427 393 visitat
450 364 532 394 alma
555 364 600 402 pii
1024 371 1147 410 pollens
1169 371 1332 410 prodigiis,

357 408 426 438 viee
449 411 577 447 septena
600 409 669 439 loea
694 409 779 440 Petri
977 417 1026 449 Sis
1051 419 1157 456 gratus
1182 417 1317 448 subditis

307 454 447 492 Praesul‚
474 462 623 492 campana
1022 466 1054 494 ec
1076 463 1146 502 pius
1169 463 1301 503 miseris,

356 499 403 529 eui
428 499 524 530 servit
546 500 579 530 in
604 500 731 531 aethere
747 509 846 533 saera.
974 510 1176 551 Kentigerne‚

254 555 283 584 2.
311 553 412 584 Pallia,
435 552 590 592 pontificis
1023 556 1132 588 doetor
1153 556 1316 588 mirabilis

353 608 518 639 numquam
541 600 665 632 nivibus
689 602 772 641 rigat
795 605 850 634 aut

625 657 688 687 mx,

307 691 373 722 Nee
400 692 448 724 vis
471 692 536 723 ulla
559 693 625 724 viro
1035 706 1082 737 In
1108 707 1137 737 2.
1166 705 1377 744 VesperiS.

354 739 547 777 tempestatis
571 742 662 770 nocet
686 741 776 773 almo.

254 793 284 824 3.
311 792 426 831 Sponte
450 792 536 824 ferae
561 795 677 826 celeres
904 808 941 840 R·
972 807 1113 839 Vertitur
1136 807 1169 837 111
1194 807 1316 847 lapides

354 840 520 891 variaeque
544 841 622 871 caeli
647 842 798 882 volueres,
1020 854 1189 893 compressi
1214 854 1304 892 copia
1327 854 1427 893 laetis,

307 885 508 925 Kssss‘ssgffl'fle,
533 889 619 917 tuum
702 934 707 940 .
972 901 1088 932 Forma
1113 900 1186 931 dum
1207 900 1313 939 prisea

352 940 386 962 se
406 932 543 963 subdunt
558 934 684 971 praesul
699 943 732 965 m
748 943 844 966 usum.
1019 943 1139 990 [lactis]
1164 949 1269 977 manet
1292 949 1385 985 atque
1406 946 1515 988 figura,

249 988 278 1017 4.
304 986 367 1017 Res
390 987 543 1026 miranda,
569 996 692 1027 gregem
904 992 939 1023 V.
971 994 1055 1025 Fons
1079 995 1165 1023 tenet
1188 995 1348 1024 aeternum

352 1041 466 1063 vervex
492 1033 656 1065 comitatur
680 1038 832 1074 ovantem,
1017 1039 1154 1078 liquidus
1176 1047 1234 1078 per
1250 1040 1376 1071 saecula
1393 1047 1516 1073 nornen.

306 1078 461 1109 Truneato
487 1080 588 1118 eapite

349 1124 427 1155 latet
442 1125 494 1155 hie
509 1125 566 1156 sub
583 1126 717 1166 imagine
726 1130 843 1166 petrae.
1090 1140 1134 1167 Ad
1154 1140 1330 1175 Magnificaf„

249 1180 278 1210 5.
303 1178 469 1210 Excidium
492 1198 538 1202 ——
561 1198 607 1202 —

908 1217 948 1249 A.
979 1215 1074 1247 Iubar
1099 1216 1242 1255 caeleste,

1025 1262 1079 1292 lux
1105 1262 1182 1293 clari
1206 1262 1329 1301 sideris,

979 1307 1112 1347 Gaudet,
1138 1316 1185 1348 en,
1213 1307 1330 1349 Glasgu

1023 1363 1080 1393 per
1103 1358 1145 1393 te,
1172 1355 1234 1385 dux
1257 1355 1394 1395 humilis,

977 1401 1072 1432 Bonis
1092 1400 1260 1439 immensis,

1023 1456 1041 1478 o
1065 1455 1138 1478 rosa
1162 1447 1305 1487 celebris,

350 1233 458 1256 sacrae
480 1226 568 1257 iubet
591 1235 659 1258 esse
684 1229 831 1269 capellae,

306 1270 367 1301 Sed
391 1271 537 1310 prohibet
562 1276 666 1304 mutus

354 1317 501 1349 divinitus
526 1328 581 1350 ore
604 1320 735 1360 loeutus,

311 1362 402 1393 Nune
426 1364 483 1395 tibi
506 1365 574 1397 laus
600 1367 703 1404 potior

359 1412 463 1441 manet
488 1414 519 1442 et
543 1413 718 1444 reverentia
741 1413 849 1446 maior.

423 1482 470 1510 Ad
489 1484 668 1511 Benedictus.
975 1493 1074 1524 Nobis
1098 1492 1148 1524 fer
1171 1502 1262 1532 opem

240 1537 279 1571 A.
309 1537 399 1569 Felix
426 1539 592 1579 confessor,
1021 1539 1116 1570 trusis
1140 1540 1173 1570 in
1197 1540 1335 1571 tenebris

354 1583 410 1616 flos
435 1586 480 1616 tui
504 1587 660 1626 germinis,
1068 1586 1252 1625 Assisteque
1276 1588 1384 1619 servis.

313 1649 395 1676 Brev.
417 1649 617 1677 Aberdonense
637 1651 704 1685 imp.
724 1650 911 1685 Edinburgae
933 1648 1012 1677 1509.
1033 1665 1069 1669 —-
1089 1650 1130 1676 In
1151 1648 1175 1676 1.
1195 1651 1297 1686 Vesp.
1320 1649 1341 1676 Α
1365 1650 1389 1684 1,
1405 1650 1422 1677 2
1443 1653 1518 1686 quod

238 1685 317 1712 fehlt.
393 1684 415 1711 Α
433 1684 458 1718 1,
477 1684 494 1714 3
512 1687 714 1721 Kenterginus.
735 1701 770 1705 —
789 1688 876 1714 Invit.
890 1685 907 1712 2
926 1695 1102 1714 veneremur.
1123 1701 1160 1705 -—
1179 1688 1220 1713 In
1241 1686 1264 1714 1.
1286 1688 1388 1714 Noet.
1411 1687 1430 1714 R
1452 1687 1477 1721 ²2,
1499 1688 1516 1716 6

238 1722 283 1749 bis
303 1723 374 1749 fluit.
394 1737 431 1741 —
449 1724 490 1750 In
509 1724 614 1750 Laud.
636 1724 672 1750 ad
691 1724 796 1751 Bened.
817 1722 848 1758 Α,
869 1722 886 1750 2
906 1725 948 1750 lui
967 1725 1053 1759 geris.
1074 1738 1108 1742 —
1129 1725 1170 1751 In
1190 1723 1215 1750 2.
1235 1725 1303 1751 Ves
1312 1734 1338 1759 p.
1361 1723 1390 1759 R,
1411 1724 1428 1753 3
1449 1727 1518 1753 For-

237 1761 344 1786 matum
358 1761 461 1794 prisea.
481 1774 518 1778 —
536 1761 685 1795 Hymnen:
706 1762 737 1787 in
749 1762 835 1796 Vesp.
856 1761 960 1796 Fulget
979 1761 1058 1788 elara
1076 1761 1218 1788 festivitas
1237 1760 1331 1796 (Anal-
1345 1763 1424 1796 xlx,
1440 1762 1517 1798 172);

238 1796 274 1822 ad
293 1796 421 1824 Laudes:
448 1798 510 1825 Rex
529 1798 722 1825 confessorum
741 1798 841 1825 inclite
858 1796 961 1833 (Ibid.).

645 1889 688 1918 77.
719 1889 761 1919 De
780 1889 889 1919 saneta
907 1887 1105 1928 Kunegunde.

371 1956 415 1987 In
442 1956 473 1990 1.
497 1957 711 1995 Vesperis.
975 1957 1054 1997 Regi
1078 1958 1157 1990 caeli
1182 1958 1327 1990 dedicata

1021 2004 1172 2043 Virginali
1195 2004 1304 2043 gloria,

905 2050 941 2084 V.
972 2051 1092 2082 Fruens
1116 2050 1225 2080 mundi
1250 2049 1370 2080 deliciis

974 2096 1048 2127 Sine
1071 2095 1179 2126 mundi
1201 2095 1285 2126 vitiis

1018 2142 1102 2173 Mira
1126 2140 1340 2175 sanctimonia.

417 2019 509 2056 Super
524 2021 664 2048 Psalmos.

234 2067 274 2099 A.
302 2066 476 2098 Laudabile
499 2076 610 2099 nomen
635 2068 772 2107 Domini,

305 2113 364 2151 Qui
386 2113 576 2153 Kunegundi
600 2114 714 2154 virgini

305 2159 380 2190 Post
408 2162 565 2191 terrenum
588 2160 754 2199 imperium

305 2204 390 2237 Caeli
415 2207 568 2237 concessit
591 2207 712 2239 solium.
1081 2212 1127 2239 Ad
1145 2213 1323 2248 Magnificat.

233 2259 271 2293 R.
302 2261 326 2292 O
352 2261 459 2300 regina
481 2261 704 2300 praedicanda,
901 2261 940 2291 A.
970 2258 1152 2298 Magnificet
1173 2262 1215 2301 te,
1240 2260 1383 2305 Domine,

302 2306 507 2346 Kunegundis
533 2308 720 2347 veneranda,
970 2307 1006 2338 In
1034 2305 1222 2344 Kunigunde
1245 2308 1366 2348 virgine

303 2352 381 2392 Regi
404 2355 508 2384 terrae
530 2353 685 2392 copulata,
1017 2351 1123 2383 Omnis
1147 2352 1237 2390 plebs
1261 2353 1411 2396 fidelium,
