1650 2542
714 128 961 162 —197-

192 213 232 240 In
253 211 278 240 2.
299 215 398 242 Noct.
439 217 494 244 Die
513 218 699 254 Antiphonen
719 220 813 248 dieser
832 222 966 250 Nokturn
985 223 1083 250 lauten
1102 225 1134 250 in
1153 224 1214 251 BC:

204 267 228 295 1.
249 270 379 298 Exaudit
399 273 444 299 sui
463 273 585 301 caelitus

248 307 409 335 Clamorem
429 311 506 336 servi
525 310 667 339 Dominus

922 278 1058 305 eruorem
1078 279 1163 306 corde
1184 281 1288 306 sitiunt

920 315 960 341 Et
978 316 1086 350 linguis
1106 316 1204 343 dolum
1224 318 1388 344 concinunt.

247 344 288 371 Et
306 345 356 372 dat
374 346 420 372 illi
441 348 593 375 scientiam

246 381 291 408 Ad
311 383 480 410 servandam
503 385 654 412 iustitiam.
874 368 899 397 3¹
923 371 1034 398 N⁰me¹²
1054 372 1109 398 Dei
1128 372 1261 399 mirabile

920 408 1033 435 Laudet
1052 411 1168 436 sanctus
1188 409 1305 436 assidue

919 444 992 472 Eius
1012 445 1096 472 corde
1115 447 1246 473 interrito

920 482 1080 509 Pei-sistens
1099 484 1131 509 in
1150 485 1286 510 sacrario.

200 434 225 462 2.
246 436 395 465 Adcrescit
413 439 492 466 furor
511 442 595 475 impii

247 474 282 500 In
301 475 357 501 Dei
377 484 491 503 servum
510 478 620 513 populi,

192 527 212 555 Β
236 528 249 556 1
266 530 404 558 Tui-binis
424 535 457 559 ut
475 536 579 560 ventus
593 536 645 560 etc.
661 535 699 567 B;
719 535 840 571 Ignibus
854 539 884 564 et
896 537 970 564 ferro
985 540 1036 565 etc.
1052 538 1082 564 0.
1097 554 1131 557 —
1149 537 1168 564 Β
1185 537 1208 572 1,
1229 537 1246 566 3
1261 542 1391 567 oraturus
1406 541 1478 567 fehlt

188 567 281 601 ABD3
304 576 336 594 se
355 571 474 596 sacratis
495 571 529 604 A,
550 573 736 599 sacramentis
756 573 792 599 D.
812 588 850 592 -—
871 572 891 599 Β
914 572 937 608 1,
961 572 977 601 6
997 576 1097 602 sitiens
1118 576 1241 603 crudelis
1264 577 1346 611 plebs
1360 578 1418 605 AB.
1439 591 1475 595 —

191 602 211 629 Β
232 602 250 630 2
271 604 342 631 Cum
363 605 471 633 divinis
491 616 541 634 rex
559 608 679 635 devotus
700 611 752 636 etc.
774 610 810 643 133
831 612 863 637 in
884 611 906 638 C
925 612 1017 638 lautet
1036 621 1081 639 es:

412 663 446 689 R.
472 664 542 690 Cum
564 664 634 691 furit
653 666 777 692 exterius
801 668 880 693 stans
901 668 1076 695 exsecrabile
1095 668 1207 704 vulgus,

506 701 631 728 Interius
653 703 787 737 precibus
808 703 865 729 dux
885 707 972 731 vacat
989 706 1120 738 eximius,

468 738 617 772 Mysteriis
638 740 727 766 sacris
747 741 874 767 munitur
893 742 1012 776 spiritus
1033 743 1094 768 eius

413 774 447 800 V.
472 774 514 802 Ut
533 774 696 810 Stephanus
717 779 833 804 sanetus
854 785 987 805 saxorum
1004 780 1127 806 sustinet
1145 780 1229 807 ictus.

190 825 210 852 Β
231 825 249 855 3
264 829 384 863 Ignibus
406 832 435 856 et
452 830 526 857 ferro
547 833 600 857 ete.
615 832 652 864 B;
672 831 751 858 Inter
770 840 841 859 saxa
860 835 948 860 stanti
967 834 1031 861 dira
1051 837 1102 861 etc.
1118 835 1148 862 O.
1162 850 1199 855 —-
1211 836 1253 862 In
1272 833 1298 863 3.
1311 837 1362 864 No
1373 839 1413 862 ct.
1428 835 1474 862 ΑΑ

188 863 260 892 1-3
278 866 374 892 fehlen
395 866 449 899 130,
471 869 542 894 statt
561 868 664 895 dessen
678 867 724 894 ΑΑ
746 869 795 896 der
815 868 841 895 2.
855 870 937 897 Noct.
957 885 994 889 —
1018 869 1038 896 Β
1061 870 1075 897 1
1097 872 1167 899 Cum
1187 872 1258 899 furit
1277 875 1400 900 exterius
1422 877 1474 900 cte.

186 902 219 928 B.
239 917 277 920 —
298 901 318 928 Β
341 901 365 937 1,
389 902 402 930 1
424 907 576 931 sacratum.
601 919 637 923 —
658 903 678 930 Β
701 903 718 931 2
737 906 815 933 Inter
835 915 906 933 saxa
925 909 1013 934 stanti
1034 909 1097 935 dira
1116 912 1168 935 etc.
1186 910 1223 944 133
1243 911 1274 936 in
1297 910 1334 937 0:

354 958 389 985 R.
413 958 470 991 Qui·
489 968 541 994 pro
562 961 646 987 nobis
667 962 822 988 moriturus
843 970 874 989 se
893 963 1029 997 suspendi
1049 964 1174 998 pertulit,

409 996 479 1030 Ipse
498 998 586 1024 robur
605 999 680 1025 inter
698 1006 805 1033 poenas
826 1000 883 1025 iam
903 999 1019 1026 Kanuto
1040 1001 1169 1034 contulit,

410 1033 500 1066 Quem
520 1035 662 1069 insignem
683 1038 749 1070 post
767 1036 941 1070 triumphum
963 1036 999 1063 ad
1020 1045 1144 1072 superna
1162 1040 1312 1066 transtulit.

354 1069 389 1096 V.
412 1069 453 1096 Et
472 1079 607 1098 coronam
627 1071 776 1107 dignitatis
798 1081 883 1107 super
903 1076 990 1108 caput
1010 1072 1095 1107 (eius)
1114 1077 1219 1109 posuit.

187 1121 207 1148 Β
228 1121 253 1156 3,
277 1122 290 1150 1
313 1125 368 1151 Dei
387 1127 497 1159 martyr
516 1126 649 1153 Kanutus
668 1127 702 1153 A.
723 1141 760 1145 —
781 1125 801 1152 Β
822 1125 847 1158 3,
870 1125 886 1154 6
906 1128 1066 1163 perforatus
1086 1129 1177 1156 latere
1197 1132 1340 1159 occumbit
1357 1133 1416 1159 AB.

184 1158 203 1185 Β
243 1159 260 1187 3
296 1161 382 1188 Miles
417 1162 525 1189 Christi
557 1163 683 1197 gloriose
716 1167 768 1190 etc.
804 1164 833 1191 G.
900 1179 903 1182 -
936 1166 993 1192 Die
1028 1166 1220 1202 zugehilrigcn
1253 1169 1386 1203 Hymnen
1414 1170 1472 1205 vgl.

182 1198 267 1224 Anal.
287 1198 403 1231 XXIII,
428 1199 477 1226 Nr.
498 1197 553 1226 372
574 1208 650 1235 sqq.;
672 1202 766 1227 davon
785 1201 879 1228 haben
901 1202 977 1229 ACD
997 1212 1052 1230 nur
1071 1203 1125 1230 den
1146 1207 1254 1239 erstem
1277 1205 1299 1232 O
1319 1207 1353 1233 ad
1373 1208 1471 1234 Noct.:

182 1234 294 1268 Martyr
314 1237 430 1271 egregie
448 1236 510 1263 Deo
532 1236 636 1263 dilecte
654 1237 750 1270 (Mone
770 1238 823 1272 111,
844 1236 917 1273 316).

603 1382 648 1412 69.
679 1383 720 1413 De
741 1385 849 1414 sancta
870 1383 1055 1415 Katharina.

323 1468 367 1498 In
395 1468 424 1500 1.
453 1468 663 1507 Vesperis.

370 1540 415 1567 Ad
433 1540 609 1577 Magnificat.

180 1608 220 1640 A.
250 1607 364 1638 Inclita
389 1609 517 1638 sanctae
542 1608 671 1646 virginis

251 1653 448 1685 Katharinae
471 1654 634 1685 sollemnia

250 1699 408 1739 Suscipiat
431 1700 580 1732 alacriter

250 1745 365 1777 Sancta
389 1749 489 1780 mater
514 1748 655 1778 ecclesia.

249 1794 327 1833 Ave,
353 1793 441 1832 virgo
465 1793 533 1824 Deo
559 1794 662 1833 digua,

250 1840 326 1881 Ave,
355 1840 455 1871 dulcis
483 1842 513 1870 et
538 1840 682 1880 benigna,

249 1885 364 1917 Obtine
387 1886 477 1917 nobis
502 1887 616 1925 gaudia

248 1933 334 1971 Quae
357 1933 500 1971 possides
526 1941 596 1970 cuni
620 1933 730 1973 gloria.

317 2065 376 2096 Ad
402 2064 663 2096 Matutinum.

376 2138 590 2165 Invitatorium.

246 2205 407 2236 Adoretur
432 2205 586 2245 virginum
612 2213 668 2237 rex

291 2253 325 2283 in
349 2252 542 2284 saeculorum
569 2252 704 2290 saecula,

246 2298 370 2338 Virgini
397 2299 449 2338 qui
474 2299 671 2331 Katharinae

293 2345 426 2377 contulit
450 2346 607 2379 caelestia.

987 1472 1029 1503 In
1056 1472 1086 1504 1.
1113 1472 1339 1507 Nocturno.

1063 1554 1254 1590 Antiphonae.

891 1645 897 1651 .
924 1619 1021 1659 Virgo
1047 1623 1155 1652 sancta
1180 1622 1365 1663 Katharina,

925 1665 1076 1698 Graeciae
1099 1676 1228 1707 gemma,

923 1713 1011 1744 Urbe
1034 1714 1253 1746 Alexandrina

923 1759 1009 1791 Costi
1034 1761 1116 1800 regis
1141 1760 1217 1794 filia.

888 1840 895 1847 .
922 1815 1033 1854 Specie
1058 1817 1197 1856 corporis
1224 1818 1338 1849 decora

921 1862 1022 1893 Nimis
1048 1863 1168 1902 enituit,

921 1908 983 1940 Sed
1004 1908 1068 1940 fide
1089 1910 1250 1949 pulchrior

920 1954 1040 1994 Sponso
1064 1964 1199 1994 superno
1223 1957 1353 1995 placuit.

864 2030 895 2041 ..
921 2010 1072 2042 Traditur
1095 2020 1167 2051 ergo
1192 2022 1210 2043 a
1234 2016 1326 2052 patre

920 2057 1108 2089 Ductoribus
1132 2060 1310 2098 praecipuis

918 2104 1092 2136 Imbuenda

919 2150 935 2182 Ι
939 2151 1111 2183 1iteralibus
1136 2154 1258 2187 studiis,

1052 2245 1257 2280 Responsoria.

885 2324 892 2331 .
919 2300 1042 2332 Nobilis
1068 2306 1099 2333 et
1121 2304 1254 2342 pulchra

963 2348 1051 2387 virgo
1075 2349 1253 2382 Katharina
1275 2351 1381 2390 puella
