1650 2542
737 118 967 152 ..24-

349 216 395 247 In
421 217 452 247 2.
477 214 700 245 Nocturno.

432 297 622 332 Antiphonae.

235 363 264 395 1.
290 363 409 394 Exorta
432 363 501 393 luce

336 409 487 440 scandunt
513 407 646 447 fastigia„

291 455 353 488 Ubi
378 454 509 486 fundata

336 503 381 531 est
404 501 543 538 ecclesia,

285 547 338 587 Et,
365 555 444 586 ecce,
470 546 578 577 vident

334 592 394 623 Dei
417 591 580 630 magnalia.

233 659 262 688 2.
291 656 353 687 Nix
378 656 458 687 enim
483 656 617 687 candens

337 703 421 733 caelo
447 702 652 733 descenderat

288 748 505 787 Summumque
531 748 643 778 montis

334 795 434 825 locum
465 792 657 832 perfuderat,

288 840 352 878 Quo
377 839 609 871 fundamentum

334 887 509 925 ponendum
534 884 644 916 fuerat.

235 953 265 984 3.
290 951 438 982 Exsultat
461 951 596 990 praesul,

335 997 466 1027 exsultat
491 997 635 1037 populus,

286 1043 330 1074 Et
352 1043 430 1073 sicut
457 1044 573 1074 candor

333 1089 490 1119 ministrat
513 1089 631 1127 niveus,

288 1135 421 1174 Insignis
445 1134 512 1166 Deo

337 1181 444 1212 domus
469 1181 667 1212 construitur.

418 1263 620 1296 Responsoria.

232 1330 261 1360 1.
288 1327 469 1360 Pontificem
495 1329 713 1368 venerandum,

286 1375 415 1405 Beatum
439 1375 604 1412 Evodium,

288 1421 345 1459 Qui
370 1420 428 1451 Dei
453 1420 583 1460 gratiam
608 1421 781 1460 promeruit

286 1467 329 1498 Et
354 1467 520 1506 cogitatum
544 1476 630 1497 suum

287 1513 325 1544 In
350 1521 385 1543 eo
410 1513 568 1544 humiliter
591 1514 697 1552 iacuit,

217 1559 257 1591 V.
288 1558 387 1590 Deum
412 1560 506 1590 coluit

286 1605 329 1636 Et
352 1605 526 1644 proximum
551 1614 638 1636 suum
666 1605 776 1638 dilexit

289 1650 390 1682 Corde
413 1650 561 1690 perfecto.

232 1718 263 1747 2.
289 1715 341 1746 Ad
365 1716 512 1746 honorem
536 1716 702 1754 genetricis

289 1761 383 1801 Regis
410 1764 520 1792 cuncta
545 1761 737 1800 disponentis

290 1807 403 1838 Votum
428 1816 515 1838 suum
540 1808 715 1849 complevit,

293 1852 380 1890 Quod
408 1853 461 1884 diu
486 1854 686 1895 desideravit,

290 1899 405 1930 Beatus
430 1899 578 1939 Evodius,

222 1946 259 1977 V.
289 1945 462 1977 Oratorium
488 1955 620 1985 namque
643 1945 789 1978 fundavit

291 1992 522 2022 Vallanensium
548 1993 683 2031 capitali.

235 2058 264 2088 3.
290 2057 412 2096 Pastor,
440 2057 493 2095 pie
516 2060 633 2096 pastor,

292 2102 490 2134 Servulorum
514 2112 623 2142 preces

291 2149 416 2180 Exaudi
441 2149 581 2191 benigne,

293 2195 434 2233 Quosque
457 2196 558 2226 cernis
582 2204 706 2236 pressos

295 2242 498 2273 Peccatorum
523 2242 612 2281 mole,

294 2286 510 2320 Confessorum
533 2290 653 2319 tuorum

294 2335 439 2367 Placatus
463 2335 547 2375 erige
570 2344 681 2376 prece3

885 212 923 244 V.
952 211 1152 251 Expurgatos
1177 211 1260 242 omni
1287 211 1381 242 sorde

952 257 1000 288 Tu
1023 266 1079 288 nos
1096 258 1227 289 mundos
1246 253 1311 300 [iis]
1332 257 1494 296 coniunge.

1013 387 1058 417 In
1083 389 1113 420 3.
1140 387 1364 418 Nocturno.

1090 478 1282 513 Antiphonae.

899 555 927 584 1.
953 552 1084 583 Sanctus
1108 553 1249 584 Evodius

954 601 1058 637 Atque
1084 598 1252 640 Scutarius,

948 645 1050 676 Ambo
1076 645 1135 675 viri
1159 645 1308 684 religiosi,

952 690 1018 721 Sibi
1042 691 1172 721 invicem
1199 691 1400 722 observantes

951 736 992 767 Et
1016 736 1048 767 in
1070 737 1139 776 loge
1154 737 1279 768 Domini
1298 737 1493 769 ambulantes

951 782 1103 814 Mandata
1129 783 1194 813 eius
1220 784 1447 817 custodiebant.

951 847 1136 886 Scutarium,

951 894 1135 933 Apostolica
1159 894 1346 925 auctoritate

950 939 1072 971 Evodio
1103 941 1309 971 coniunctum.

951 986 1062 1017 Parem
1088 990 1313 1017 consueverunt
1336 990 1446 1017 notare

952 1032 1045 1063 Plebs
1067 1032 1298 1063 Vallanensium

952 1079 1012 1109 Per
1038 1078 1177 1109 caritatis

950 1124 1190 1163 Benignitatem.

895 1191 925 1221 3.
953 1189 1048 1227 Quasi
1072 1187 1187 1219 fratres
1211 1192 1305 1228 atque
1329 1191 1467 1229 germani

894 1624 924 1655 1.

947 1235 1148 1265 Famulantes
1172 1234 1240 1266 Deo
1264 1237 1358 1275 patri,

951 1281 1032 1313 Tota
1054 1281 1227 1312 intentione

951 1328 1059 1367 Iugum
1084 1327 1211 1358 Domini
1235 1330 1408 1368 portantes,

950 1373 1062 1405 Mundi
1088 1376 1319 1405 contemnentes
1342 1375 1466 1406 lubrica

949 1419 992 1450 Et
1017 1420 1150 1450 terrenis

951 1465 1176 1497 Praeferebant
1201 1467 1357 1499 caelestia.

1079 1558 1281 1593 Responsoria.

948 1622 1098 1655 Almifiua
1123 1622 1317 1654 confessores

951 1669 1166 1708 Dispositione

953 1716 1018 1747 Deo
1042 1718 1145 1746 mente
1166 1716 1302 1755 proximi

951 1762 1081 1793 Romam
1105 1762 1280 1796 tendentes,

952 1808 1128 1840 Obcurrunt
1150 1809 1325 1840 senioribus

951 1853 1105 1886 Profectis
1132 1855 1216 1886 circa
1240 1864 1351 1894 passus
1375 1857 1463 1888 mille

952 1901 1002 1932 Ab
1027 1901 1139 1932 Anicio
1163 1904 1277 1945 monte,

952 1948 1011 1987 Qui
1034 1956 1068 1978 se
1090 1948 1209 1987 legatos

953 1994 983 2025 A
1007 2003 1091 2033 papa
1116 1994 1223 2025 dicunt
1245 1994 1368 2027 Evodio

954 2040 1128 2072 Candentes
1153 2040 1300 2072 vestibus.

914 2110 922 2117 .
953 2086 977 2118 Ο
1002 2087 1173 2118 venerandi
1196 2090 1348 2130 pastores,

954 2132 1071 2171 Quibus
1096 2132 1226 2164 obviant
1250 2134 1358 2164 caelici
1384 2134 1479 2174 cives,

954 2178 1113 2217 Reliquias
1132 2187 1198 2209 cum
1217 2180 1344 2221 scriptis
1362 2181 1495 2213 redden-

1274 2229 1332 2260 tes.

898 2291 928 2321 2.
953 2289 1081 2320 Amicus
1105 2289 1164 2320 Dei
1189 2290 1330 2322 Evodius

956 2338 1061 2375 Atque
1085 2336 1246 2368 scutarius
