1650 2542
683 121 934 156 -253—

170 213 211 240 In
231 212 257 240 2.
278 215 380 250 Vesp.
400 214 446 241 Ad
464 216 562 250 Magn.
584 214 606 241 Α
625 216 719 243 lautet
737 217 768 242 in
786 216 824 243 B:

564 272 600 298 B:
620 272 663 298 Te
682 279 824 306 rogamus,
845 279 927 297 serve
945 271 1009 303 Dei,

294 318 321 339 ¹·
618 308 796 341 Leonharde,
817 310 933 335 sanetae
952 308 1022 342 spei,

621 344 756 372 Caritatis
776 347 805 372 et
822 344 890 371 fidei

655 382 808 409 Possessor
828 384 857 408 et
875 381 1051 417 pineemula,

621 419 709 446 Solve
727 419 825 446 vinela
843 421 1032 454 peecatorum,

619 457 729 483 Resera
747 457 845 491 cippos
865 456 1041 486 delictorum,

622 493 645 521 O
666 494 795 520 solamen
815 493 992 526 afflictorum,

658 531 772 557 Devote
792 529 900 557 Christi
918 529 1046 556 vernula.

247 585 391 613 Dasselbe
409 586 502 613 lautet
522 587 551 612 in
572 585 608 613 G:
636 586 659 614 O
679 586 848 613 Leonharde
867 584 986 612 mirifice
1005 586 1071 618 ete-3
1098 583 1177 610 siehe
1196 583 1270 609 oben
1289 580 1317 607 S.
1337 577 1401 607 252.
1420 594 1458 598 -

171 622 320 662 Hymnus:
359 623 383 650 O
410 623 594 656 Leonharde,
624 626 722 658 pastor
750 624 826 650 bone
852 622 927 650 ABG
954 620 1048 657 (Anal-
1074 621 1131 653 IV,
1159 618 1237 654 179);
1269 616 1457 646 Leonhardus

175 659 336 686 Galliarum
356 660 383 687 D
403 660 502 694 (Mene
519 661 573 694 ΠΙ,
594 658 669 696 397).

634 805 680 836 88.
708 805 751 835 De
770 806 876 835 saneto
898 803 1013 834 Livino.

314 883 361 915 In
386 882 415 914 1.
443 882 657 921 vesperis.
918 880 1026 921 Nobis,
1051 879 1195 918 petimus,
1221 877 1305 916 apud
1329 876 1429 907 Deum

390 955 438 982 An
439 955 585 991 ffiphonae.
917 926 1088 958 Subveniat,
1110 925 1164 964 pia
1186 923 1417 955 intercessione.

188 1014 218 1046 1.
244 1012 397 1051 Laudate‚
423 1013 524 1052 pueri,
549 1020 689 1051 puerum,
1214 1034 1220 1040 .

245 1059 343 1097 Quem
364 1059 502 1090 salvator
526 1057 602 1089 feeit,
625 1057 733 1088 herum
985 1037 1016 1067 A
1026 1036 1046 1067 d
1069 1035 1105 1067 M
1114 1044 1133 1066 a
1140 1037 1155 1065 ’ὓ
1161 1044 1183 1065 ¹²
1190 1037 1205 1064 ’ὓ
1212 1044 1224 1064 ¹
1231 1043 1252 1064 n
1259 1043 1280 1064 u
1288 1042 1328 1066 m·

291 1105 353 1136 Hie
378 1107 410 1135 et
432 1113 526 1144 super
550 1105 667 1136 sidera.
1050 1099 1262 1126 Invitatorium.

188 1176 220 1207 2.
245 1173 390 1205 Laudate
402 1173 578 1215 Dominum,
599 1181 705 1204 omnes
717 1181 790 1211 gen·
918 1157 1064 1188 personis
1088 1156 1214 1194 trinum,

245 1266 399 1305 Martyris
421 1265 474 1305 qui
495 1265 544 1295 sui
565 1221 714 1304 {fassssentes

290 1312 404 1343 Invisit
425 1311 535 1351 gratia.

964 1203 1078 1242 simpla
1104 1202 1220 1234 deitate
1243 1201 1299 1232 sed
1322 1209 1417 1231 unum

916 1250 1093 1281 Laudemus
1118 1256 1232 1287 regem,

966 1295 1110 1348 livinum
1134 1292 1367 1333 glorificantem,

190 1384 219 1415 3.
249 1382 371 1423 Lauda,
396 1381 501 1412 anima
523 1381 658 1457 quale?
686 1380 791 1413 Chris·
920 1342 1398 1427 Qusslggisgessntgffiffimffignum,

251 1474 425 1513 Martyrem
452 1473 504 1512 qui
528 1473 622 1512 elegit
637 1449 736 1504 'istum

295 1520 363 1552 Sibi
385 1520 419 1551 in
442 1519 613 1557 servitium,

293 1566 393 1598 Nobis
417 1566 450 1597 in
476 1566 659 1598 subsidium.
1060 1562 1251 1597 Antiphonae.

189 1639 220 1670 4.
248 1636 392 1669 Laudate
414 1636 526 1674 Deum,
552 1635 625 1674 quia
648 1635 756 1673 bonus,
866 1623 895 1654 1·
921 1621 1046 1672 FlPI'U—''lss
1070 1619 1200 1672 egr-eglis
1251 1664 1257 1670 Ι
1359 1663 1365 1669 .

246 1683 363 1715 Noster
386 1684 478 1722 pater
502 1683 534 1712 et
556 1684 717 1722 patronus,
966 1666 1070 1720 lnssans
1095 1666 1224 1697 lemus
1248 1673 1280 1717 P]
1306 1666 1393 1706 acus>

293 1729 425 1761 Livinus
455 1728 494 1760 ab
519 1727 654 1759 infantia
921 1714 1027 1747 Scotla
1051 1721 1142 1753 <luem
1165 1713 1281 1764 ΕΘΠΨῒ,
1362 1757 1369 1762 Ι

296 1776 391 1808 Hunc
416 1775 513 1807 coluit
535 1774 722 1814 frequentia·
971 1763 1137 1800 patronum
1162 1758 1267 1790 Gallia
1291 1759 1395 1788 sentit.

864 1819 896 1850 2.
922 1817 978 1856 Qui
1007 1817 1080 1848 dum
1103 1816 1244 1846 viscerea

968 1863 1078 1894 matris
1101 1861 1292 1892 membratur
1315 1860 1349 1890 in
1373 1858 1454 1898 aula,

922 1909 1070 1941 Nondum
1093 1910 1185 1939 natus
1209 1907 1300 1938 homo

972 1956 1117 1995 dignatur
1141 1961 1247 1985 amore
1271 1960 1417 1993 superno,

981 1500 1026 1531 In
1053 1500 1083 1531 1.
1110 1498 1167 1529 No
1182 1500 1341 1528 eturno.

190 1849 221 1880 5.
248 1845 369 1884 Lauda,
384 1845 565 1886 Ierusalem,
582 1852 651 1875 eum
663 1843 794 1883 laetitia,

245 1892 324 1932 Quia
352 1891 496 1923 Christus
520 1899 576 1921 sua
600 1890 755 1929 sapientia

246 1939 385 1978 Dempta
410 1937 511 1969 carnis
536 1936 651 1968 inertia

247 1985 393 2018 Livinum
419 1984 495 2016 tulit
520 1984 559 2015 de
582 1982 693 2014 scoria.

867 2022 896 2053 3.
922 2020 1057 2059 Spiritus
1081 2020 1114 2051 in
1136 2019 1241 2058 specie

358 2068 404 2095 Ad
423 2066 600 2103 Magnifieat
970 2075 1117 2106 rumpens
1138 2069 1294 2097 nocturna
1310 2064 1470 2095 columbae

176 2128 216 2160 A.
245 2127 418 2159 Laetentur
441 2124 500 2156 filii
525 2123 687 2162 eeclesiae,
922 2113 1079 2145 LacteOliS
1104 2112 1199 2152 guttis
1373 2157 1379 2162 Ι

246 2173 334 2205 131501·
357 2171 452 2203 flores
476 2174 649 2210 martyrum
971 2163 1019 2191 ter
1042 2161 1156 2191 lustrat
1179 2158 1269 2190 basia
1289 2159 1408 2189 matrls.

248 2219 342 2251 Beati
365 2218 471 2250 Livini

246 2266 451 2298 Exsultantes
477 2264 670 2303 celebritate,

248 2312 308 2351 Qui
331 2312 475 2351 adeptus
500 2320 592 2350 quam
616 2310 740 2348 meruit,
869 2310 899 2341 1.
925 2309 1053 2340 Electus
1078 2307 1195 2341 Christi

246 2359 388 2392 Palmam
410 2358 561 2391 victoriae
971 2357 1092 2396 martyr
1115 2354 1246 2387 Livinus

1057 2251 1262 2287 Responsoria.
