1650 2542
723 102 975 137 —155-

336 191 362 221 A
377 191 397 222 d
421 192 683 226 Matutinum.

400 265 614 294 Invitatorium.

271 321 393 360 Agnum
423 322 507 354 nivei
533 325 678 357 candoris

317 368 492 400 Adoremus
517 369 693 414 Dominum,

271 413 429 452 Virginem
453 415 506 454 qui
529 416 603 447 huic
626 419 758 450 Iohanni

316 460 555 493 commendavit
579 464 743 503 virginum.

333 590 379 621 In
406 591 434 622 1.
462 591 688 626 Nocturno.

408 674 602 710 Antiphonae.

209 730 239 762 1.
268 730 379 763 Clarus
403 729 504 771 fulget
529 733 595 764 dies
620 734 680 765 iste

266 777 415 808 Iohannis
440 780 650 818 evangelistae

311 823 460 855 Emicans
488 825 629 858 victoria.

209 879 239 910 2.
265 878 425 910 Flammas
448 880 510 911 olei
534 879 684 913 ferventis

264 924 363 964 Virgo
389 926 487 956 vincit
510 927 543 957 in
568 930 729 960 tormentis

312 971 454 1011 Pangens
479 972 546 1004 Deo
570 974 711 1014 gloriam.

207 1027 237 1060 3.
262 1026 349 1057 Ante
372 1029 495 1065 portam
520 1028 601 1060 hunc
625 1030 767 1061 Latinam

265 1071 379 1103 Caesar
404 1074 467 1113 egit
490 1075 531 1106 ad
556 1076 685 1114 ruinam,

311 1119 373 1151 Sed
398 1120 500 1152 victor
523 1130 586 1152 non
607 1122 753 1156 laeditur.

209 1175 241 1207 4.
267 1174 386 1205 Romae
406 1175 520 1207 iubilat
537 1180 671 1220 senatus,

263 1220 339 1252 Cum
363 1221 519 1253 Iohannes
544 1223 695 1255 liberatus

305 1267 466 1306 Ephesum
491 1270 676 1308 regreditur.

202 1324 233 1354 5.
260 1322 348 1353 Sicut
372 1324 485 1355 candet
509 1334 603 1356 carne
626 1327 751 1366 munda,

261 1368 313 1399 Sic
338 1370 481 1401 caelestis
506 1374 593 1402 rorat
615 1373 710 1412 unda,

307 1415 404 1453 Quem
432 1416 525 1456 elegit
547 1418 709 1457 virginem.

204 1471 235 1502 6.
261 1470 354 1501 Miris
381 1471 559 1503 declaratur
583 1473 678 1512 signis

257 1515 448 1557 Refrigescit
471 1516 577 1550 fervor
599 1519 681 1558 ignis

302 1563 366 1595 Ros
390 1566 477 1595 arcet
500 1566 699 1605 sartaginem.

385 1657 590 1692 Responsoria.

200 1713 231 1745 1.
258 1716 342 1744 Ante
365 1716 489 1753 portam
512 1715 599 1746 urbis
624 1716 751 1756 Romae,

300 1768 380 1799 quae
404 1760 517 1792 Latina
544 1762 669 1803 dicitur,

262 1805 366 1837 Victor
392 1807 474 1838 dolio
500 1806 651 1840 ferventis

300 1852 362 1883 olei
384 1851 571 1894 immittitur,

256 1898 313 1936 Qui
339 1901 449 1930 senatu
474 1900 695 1933 circumstante

301 1945 428 1977 illaesus
454 1947 621 1986 egreditur,

185 1991 222 2025 V.
251 1992 336 2023 Rore
360 1992 492 2024 balsami
517 1994 659 2026 caelestis

299 2039 387 2079 virgo
412 2039 681 2074 circumfunditur.

196 2096 227 2127 2.
252 2095 291 2127 In
316 2095 464 2128 Pathmos
490 2097 563 2128 dum
586 2097 744 2138 relegatur

299 2142 454 2174 Iohannes
480 2144 600 2184 exsilio,

251 2187 345 2219 Hunc
370 2189 477 2221 divina
502 2191 541 2222 de
565 2191 709 2231 supernis

300 2236 477 2268 consolatur
504 2238 592 2278 visio,

181 2281 217 2314 V.
248 2281 411 2314 Ecclesiae
434 2282 587 2323 figuratur

296 2331 397 2362 status
424 2330 484 2362 hoc
507 2331 634 2366 indicio.

888 199 919 230 3.
945 199 969 230 Ο
997 199 1111 230 dilecte
1133 200 1203 231 Iesu
1230 199 1347 232 Christi

987 245 1141 276 Iohannes
1167 246 1317 288 apostole,

943 290 1027 328 Quae
1051 293 1269 331 praerogativa
1292 294 1338 323 tui

988 338 1030 368 sit
1052 338 1188 377 honoris,
1215 339 1327 381 recole,

902 409 909 416 .
941 383 1068 423 Virgine
1091 393 1160 415 cum
1184 391 1284 416 matre
1308 394 1440 425 regnans

989 430 1141 463 castitatis
1164 431 1280 464 indole.

906 510 913 517 .
939 485 1072 516 Annuus
1095 486 1128 516 in
1152 486 1212 517 hoc
1235 487 1332 517 natali

986 530 1023 562 fit
1048 540 1214 563 concursus
1236 533 1354 572 populi,

939 576 1036 608 Festa
1061 578 1111 609 die
1137 603 1350 612 .......

989 623 1061 654 dum
1084 624 1117 654 in
1142 624 1219 655 urbe
1244 625 1368 656 Romuli

941 668 1065 701 Gaudia
1088 671 1337 709 multiplicantur

985 724 1042 754 per
1065 724 1228 747 excursum
1252 718 1378 757 saeculi,

900 786 907 792 .
936 762 1051 792 Adhuc
1074 762 1115 793 ad
1139 763 1263 794 laudem
1290 763 1435 795 Iohannis

984 809 1098 840 crescit
1120 809 1187 840 laus
1212 809 1365 843 miraculi.

997 918 1041 949 In
1074 920 1104 950 2.
1131 919 1352 953 Nocturno.

1074 991 1266 1026 Antiphonae.

904 1071 910 1077 .
936 1046 1031 1084 Quem
1056 1055 1229 1078 sermonem
1253 1048 1341 1079 Iesus
1368 1049 1449 1080 dixit

934 1092 980 1123 Et
1003 1101 1090 1132 spem
1115 1096 1147 1124 et
1170 1102 1245 1132 rem,
1272 1104 1361 1133 quam
1388 1104 1478 1134 prae—

1257 1141 1346 1180 dixit,

983 1185 1114 1224 Impleri
1138 1187 1308 1225 opportuit.

900 1263 908 1271 .
934 1239 1110 1271 Adveniret
1135 1241 1234 1273 donec
1259 1251 1341 1280 vere,

935 1285 993 1323 Qui
1017 1286 1187 1318 Iohannem
1209 1297 1395 1327 permanere

977 1332 1047 1363 Hac
1069 1333 1101 1363 in
1127 1342 1220 1365 carne
1246 1335 1360 1368 docuit.

898 1409 906 1418 .
931 1386 993 1417 Hic
1016 1396 1116 1427 neque
1140 1390 1337 1422 exustulatur

930 1432 997 1464 Nec
1022 1436 1184 1467 tormentis
1209 1437 1394 1468 terminatur

976 1480 1053 1511 Eius
1077 1483 1263 1516 innocentia.

896 1558 903 1565 .
930 1534 997 1565 Nec
1021 1536 1130 1567 exsilio
1156 1537 1319 1569 damnatus

929 1580 996 1612 Nec
1019 1582 1145 1613 metallo
1168 1584 1323 1623 relegatus

973 1627 1093 1667 Migrat
1116 1630 1157 1661 ad
1183 1631 1337 1663 caelestia.

894 1707 900 1714 .
928 1684 1011 1715 Vera
1034 1684 1121 1723 pacis
1145 1685 1179 1716 in
1203 1686 1316 1727 quiete,

927 1730 999 1761 Iesu
1022 1730 1112 1771 bone,
1138 1731 1220 1764 bona
1245 1733 1285 1764 de
1309 1737 1340 1765 te

976 1776 1069 1808 Venit
1091 1778 1245 1810 invitatio.

892 1857 899 1865 .
927 1831 1091 1872 Sanguinis
1116 1833 1264 1866 effusione

926 1878 997 1910 Non
1021 1878 1057 1910 fit
1079 1881 1238 1920 particeps
1263 1890 1396 1915 coronae

972 1925 1009 1956 In
1032 1926 1171 1958 Iohanne
1193 1929 1307 1967 passio.

1064 1999 1267 2035 Responsoria.

892 2081 898 2087 .
924 2054 993 2086 Vox
1026 2056 1156 2088 tonitrui
1188 2061 1252 2099 tui,
1293 2059 1396 2103 Deus,
1437 2063 1470 2093 in

1244 2109 1314 2138 rota

921 2148 1076 2181 Iohannes
1105 2154 1152 2182 est
1176 2153 1367 2193 evangelista

921 2194 1034 2227 Mundi
1056 2206 1115 2236 per
1138 2198 1288 2231 ambitum

924 2241 1112 2276 Praedicans
1137 2245 1242 2277 lumen
1267 2247 1425 2291 caelicum,

921 2289 980 2327 Qui
1003 2290 1199 2331 triumphans
1224 2293 1342 2326 Romae
1365 2295 1444 2327 lavit

920 2335 958 2367 In
982 2336 1053 2369 vino
1075 2339 1188 2372 stolam
1212 2349 1300 2372 suam
