1650 2542
760 124 1009 159 —116—

339 219 467 259 Suscipe
492 222 572 259 vota,
598 228 717 259 preces,

380 266 511 297 Domino
542 275 598 297 nos
622 265 746 297 reddito
771 267 875 304 gratos

333 312 377 343 Et
400 312 457 342 tibi
481 312 606 343 devotos

383 357 480 388 facias
505 358 571 388 sine
594 357 656 389 fine
682 357 798 389 beatos,

396 479 455 509 Ad
480 477 736 508 Matutinum.

459 559 667 585 Invitatorium.

335 615 436 646 Corde
461 618 492 644 et
515 622 569 645 ore
593 614 683 644 simul

379 661 542 691 iubilemus
566 663 676 690 cuncta
699 660 827 698 regenti,

334 708 495 745 leronymo
520 715 576 737 sua
597 714 654 744 pro
678 706 797 736 meritis

377 762 459 784 nuuc
482 752 621 791 praemia
649 752 761 784 dantis.

389 874 434 904 ln
460 872 490 903 1.
517 871 740 903 Nocturno.

472 953 662 989 Antiphonae.

299 1045 305 1051 .
331 1020 439 1051 Mente
462 1020 553 1051 simul
578 1022 609 1050 et
633 1028 763 1058 corpore

333 1066 388 1097 Vir
413 1068 472 1096 iste
496 1064 690 1096 salutiferum

332 1113 480 1143 Fructum
505 1110 580 1142 fecit,
602 1112 635 1142 111
660 1114 800 1150 tempore

331 1158 421 1188 Velut
444 1158 561 1197 lignum
584 1156 789 1189 fructiferum.

335 1212 371 1243 In
395 1213 505 1243 timore
529 1213 626 1243 servit
648 1212 726 1252 Deo,

333 1258 425 1289 Cuius
449 1261 616 1297 praecepto
644 1259 748 1290 docuit

334 1305 465 1346 Clerum,
492 1305 609 1335 zelator
635 1305 741 1336 domus
766 1311 840 1336 suae

333 1350 551 1381 Lascivitatem
577 1351 714 1389 corripit.

299 1431 305 1437 .
331 1405 513 1436 Tribulatur
537 1405 575 1436 ab
600 1406 715 1446 impiis,

331 1450 492 1489 Effugatur
515 1452 548 1482 in
571 1451 763 1490 Bethlehem,

331 1497 394 1529 Ubi
421 1496 528 1528 dicbus
552 1498 694 1536 plurimis

332 1543 437 1574 Vitam
461 1544 583 1582 peregit
607 1544 766 1578 caelibem.

390 1664 438 1695 In
463 1666 494 1697 2.
520 1663 743 1699 Nocturno.

467 1745 657 1780 Antiphonae.

294 1835 300 1841 .
328 1811 432 1842 Vanas
457 1820 530 1850 opes
556 1814 587 1842 et
612 1813 744 1845 culmina

328 1857 428 1888 Huius
453 1860 638 1897 contempsit
660 1861 776 1892 saeculi

329 1902 504 1942 Cunctaque
528 1905 607 1935 vitat
630 1907 760 1939 crimina

326 1950 441 1980 Amore
464 1949 521 1980 filii
545 1950 613 1984 Dei.

292 2028 299 2035 .
326 2003 418 2035 Scuto
441 2006 576 2036 munitus
599 2005 674 2037 fidei

324 2049 533 2088 Expugnabat,
555 2052 737 2097 haereticos,

324 2095 397 2126 Zelo
422 2097 534 2127 amoris
557 2099 692 2136 proximi

325 2141 513 2180 Increpabat
538 2145 569 2173 et
590 2144 713 2184 impios.

292 2220 299 2227 .
326 2197 498 2236 Parumque
521 2198 621 2230 minor
645 2202 762 2240 angelis

325 2242 454 2282 Natura,
481 2244 544 2275 vita
567 2245 687 2285 similis,

324 2288 480 2320 Mirabilis
505 2291 671 2323 virtutibus

328 2335 431 2369 Fulsit
456 2336 607 2377 doctrina,
630 2340 776 2375 moribus

1061 218 1107 249 In
1133 220 1162 251 3.
1189 219 1414 250 Nocturno.

1140 301 1334 336 Antiphonae.

967 381 974 387 .
1001 357 1038 388 In
1064 358 1190 396 scriptis
1214 358 1278 389 suis
1302 357 1414 396 verior,

1001 402 1100 434 Sensu
1125 404 1290 435 verborum
1318 402 1432 433 clarior

1002 448 1127 480 Cunctis
1152 448 1249 480 fuisse
1275 449 1389 480 dicitur

1000 494 1175 534 Tribusque
1198 496 1312 534 linguis
1333 494 1479 533 loquitur.

967 582 974 589 .
1000 559 1124 598 Magnis
1148 560 1268 599 potitur
1291 558 1439 598 praemiis

998 605 1094 635 Trino
1119 604 1224 636 fruens
1250 608 1282 636 et,
1302 605 1447 645 simplici,

999 650 1169 681 Coronatus
1193 660 1251 689 pro
1276 651 1396 682 meritis

1000 696 1127 727 Sursum
1152 705 1234 727 nunc
1258 700 1341 728 serto
1368 697 1495 737 duplici.

964 784 971 791 .
996 761 1094 799 Iesus,
1120 761 1269 791 virtutum
1297 761 1448 801 dominus,

996 807 1065 838 Rex
1089 807 1297 846 sempiternae
1321 808 1448 847 gloriae,

997 853 1154 892 Ieronymi
1180 853 1234 884 det
1258 854 1406 892 precibus

996 899 1105 938 Regna
1125 900 1267 930 caelestis
1291 901 1424 938 patriae.

1083 1020 1128 1051 In
1152 1018 1379 1052 Laudibus.

1134 1101 1328 1136 Antiphonae.

964 1182 971 1189 .
998 1157 1258 1196 Congratulentur
1281 1158 1375 1189 hodie

997 1203 1110 1235 Omnes
1137 1204 1227 1234 simul
1253 1205 1412 1244 ecclesiae,

998 1249 1106 1281 Caelos
1133 1250 1205 1280 ‹lum
1227 1251 1349 1281 scandit
1374 1251 1500 1282 inclitus

995 1295 1115 1326 Harum
1142 1296 1251 1327 doctor
1275 1297 1496 1336 Hieronymus,

961 1385 967 1390 .
994 1360 1250 1398 improperanter
1277 1361 1419 1393 dominus

999 1432 1386 1441 ............

1032 1480 1038 1483 .
1169 1453 1247 1493 legis
1272 1455 1410 1485 aemulus

996 1499 1050 1530 Fit
1074 1498 1112 1529 ob
1135 1480 1195 1530 boc
1221 1508 1329 1531 caesus
1352 1501 1491 1534 nimium.

963 1589 970 1595 .
996 1562 1153 1601 Splendor
1178 1566 1225 1595 est
1249 1565 1429 1605 patientiae,

996 1609 1193 1648 Virginitatis
1218 1612 1388 1653 speculum,

995 1655 1168 1693 Exemplar
1191 1657 1396 1695 innocentiae,

994 1702 1110 1732 Forma
1133 1702 1283 1734 virtutum
1309 1705 1454 1737 omnium.

960 1791 966 1797 .
991 1765 1153 1797 Ecclesiae
1176 1766 1376 1808 praefulgida

992 1811 1138 1852 Lampas,
1163 1814 1307 1846 columna
1330 1825 1434 1856 aurea,

996 1858 1178 1898 Quantoque
1201 1861 1300 1900 magis
1325 1864 1478 1904 tunditur,

993 1905 1093 1936 Tan-to
1120 1906 1220 1939 minus
1246 1907 1457 1942 confunditur.

960 1995 967 2002 .
992 1969 1075 2002 Huic
1098 1969 1188 2001 ferox
1212 1970 1282 2003 fera
1305 1975 1441 2015 rugiens,

993 2016 1056 2046 Leo
1081 2017 1122 2047 ad
1146 2019 1254 2050 nutum
1279 2020 1398 2059 serviit,

995 2061 1053 2099 Qui
1082 2062 1196 2101 iugiter
1220 2063 1389 2097 oboediens

990 2107 1050 2138 Dei
1074 2108 1230 2139 mandatis
1255 2111 1384 2144 exstitit.

1107 2198 1151 2225 Ad
1169 2199 1351 2230 Benedictus.

952 2280 959 2287 ,
989 2254 1153 2292 Templum
1176 2254 1235 2286 fuit
1259 2260 1396 2296 speciale

989 2299 1169 2340 Dignitatis‚
1200 2302 1351 2342 virginale

1036 2345 1166 2378 Gratum
1193 2357 1302 2381 munus
1327 2352 1481 2394 obtinens,
