1650 2542
624 114 852 149 ..51-

232 220 276 251 In
302 222 333 254 3.
361 220 582 252 Nocturno.

310 321 501 356 Antiphonae.

139 413 143 418 .
170 389 289 420 Praeco
316 395 382 418 cam
407 387 577 426 perterruit

216 435 254 466 In
279 441 421 465 sermone
445 433 668 472 permodicum,

168 481 298 512 Modum
320 479 422 511 carnis
447 479 610 510 abhorruit

216 526 310 566 Virgo
326 529 436 557 tenens
453 526 537 557 hunc
551 526 709 558 caelicum.

138 607 145 614 .
170 582 265 614 Venit
289 582 330 613 ad
354 590 411 613 nos
435 581 598 619 mirabilis,

217 628 336 660 Locum
360 628 447 667 pacis
472 628 652 668 praeelegit,

167 676 297 707 Praeest
318 682 431 715 praeco
457 673 608 713 amabilis,

212 721 313 752 Valde
336 721 482 752 miranda
506 720 634 760 peregit.

141 801 147 807 .
170 776 300 815 Angelis
324 779 356 806 et
379 775 553 806 hominibus

216 823 285 854 Lux
310 825 378 853 orta
403 830 471 852 cum
495 822 625 861 laetitia,

165 869 225 900 Est
249 868 333 899 salus
354 870 465 906 patens
491 867 640 905 omnibus,

213 914 365 946 Discedat
388 913 461 944 hinc
483 913 647 944 maestitia.

302 1019 505 1054 Responsoria.

135 1110 142 1117 .
167 1085 216 1116 De
241 1084 348 1115 amicis

213 1130 273 1161 Dei
296 1130 473 1169 praecipuis

166 1177 225 1209 Est
250 1175 377 1208 Gabriel

213 1225 244 1254 et
269 1223 308 1253 de
330 1222 499 1262 perpetuis,

167 1269 322 1309 Mysteria

211 1317 286 1346 nota
309 1314 386 1346 facit
409 1315 472 1346 suis

166 1362 210 1394 Et
233 1361 332 1393 ardua

215 1408 378 1439 committit
401 1407 517 1439 arduis.

127 1479 135 1487 .
164 1455 257 1487 Hunc
279 1454 419 1485 homiues

211 1500 328 1532 habent
351 1500 536 1531 advocatum

168 1547 254 1579 Ante
277 1547 378 1579 Deum

212 1592 309 1625 fidum
334 1595 366 1623 et
387 1595 541 1633 paratum,

168 1640 264 1679 Apud
288 1648 357 1670 eum

213 1689 317 1718 votum
340 1686 382 1717 sit
404 1686 549 1717 locatum.

135 1768 142 1775 .
168 1742 261 1774 Volat
285 1740 376 1773 fortis

214 1797 270 1828 per
294 1788 431 1819 medium
456 1788 586 1827 caelum,

168 1835 226 1874 Qui
248 1835 370 1874 pepulit

214 1881 413 1913 durissimum
437 1881 542 1919 telum,

167 1928 216 1960 Ne
239 1928 382 1959 laederet

212 1975 399 2016 opponendo
427 1974 540 2013 velum,

168 2022 274 2062 Ipsum
299 2020 413 2053 fortem

212 2068 329 2101 locavit
350 2068 383 2099 in
408 2068 540 2108 prelum.

128 2141 136 2149 .
164 2115 227 2147 Hic
251 2115 380 2147 Gabriel

212 2162 289 2194 vicit
313 2160 526 2202 fortissimum,

167 2209 250 2241 Dum
274 2208 381 2241 venire

215 2255 292 2287 fecit
315 2255 510 2286 mitissimum

167 2303 285 2335 Natum
309 2301 369 2333 Dei

216 2352 355 2383 ventrem
379 2347 618 2380 sanctissimum.

922 219 968 251 In
994 216 1216 250 Laudibus.

982 299 1173 335 Antiphonae.

779 369 810 401 1.
836 368 987 400 Dominus
1012 365 1230 397 fortitudinem

880 414 988 446 luduit
1012 415 1043 444 et
1066 421 1100 443 se
1123 411 1308 452 praecinxit,

838 460 966 493 Gratiae
989 458 1225 497 amplitudinem

881 507 918 538 In
942 505 1046 537 Maria
1066 505 1135 544 ipse
1159 504 1269 544 pinxit.

779 564 809 594 2.
835 563 942 594 Novus
968 563 1092 592 creatur
1115 559 1248 600 populus

882 608 982 639 Deum
1005 607 1137 638 laudans
1161 606 1194 636 in
1217 605 1323 646 iubilo,

836 654 887 685 Ad
912 653 1047 685 Mariam
1074 653 1147 684 dum
1170 652 1293 684 baiulus

882 700 976 739 Venit
999 707 1126 730 monens
1151 698 1235 729 dulci
1261 697 1343 729 stilo.

782 758 812 790 3.
838 756 926 800 Deus=
946 757 1053 787 noster
1077 753 1240 785 benedixit

882 802 972 834 Hanc
987 804 1104 832 terram
1120 802 1192 831 ante
1210 800 1375 836 desertam,

838 848 914 880 Cum
938 847 1066 879 Gabriel
1089 847 1158 878 Ave
1184 845 1273 885 dixit,

881 895 1008 925 Portam
1046 893 1125 924 caeli
1150 892 1205 923 dat
1227 892 1376 930 apertam.

779 951 809 981 4.
835 949 1012 980 Laudemus
1033 956 1116 978 nunc
1141 945 1358 977 Christiferam

881 995 980 1026 Actus
1006 994 1071 1024 eius
1095 993 1256 1031 imitando,

836 1042 917 1073 Nam
946 1040 1055 1071 salutis
1082 1040 1135 1071 dat
1159 1047 1285 1077 operam

880 1087 932 1118 Ad
957 1086 1092 1126 gratiam
1116 1084 1288 1117 invitandO.

779 1145 809 1176 5.
837 1142 950 1175 Coetus
975 1150 1080 1173 omnes
1105 1141 1284 1180 angelorum

880 1189 924 1220 Et
948 1188 1077 1220 Gabriel
1101 1187 1241 1226 psallunt
1264 1186 1310 1218 ei:

835 1235 1024 1274 Imperatrix
1048 1243 1080 1265 es
1106 1234 1261 1265 caelorum

878 1281 921 1312 Et
945 1281 1063 1320 regina,
1089 1283 1189 1312 mater
1212 1279 1283 1311 Dei.

953 1363 999 1390 Ad
1018 1362 1199 1390 Benedictus.

764 1431 803 1462 A.
834 1431 948 1462 Preces
972 1432 1046 1460 tuae

879 1476 968 1507 nobis
993 1474 1187 1516 subveniant,

837 1523 861 1554 O
888 1522 1026 1562 Gabriel,

881 1573 975 1608 atque
997 1568 1176 1599 custodiant

837 1615 929 1646 Nunc
953 1618 985 1646 et
1007 1622 1139 1653 semper,

881 1666 917 1692 ut
940 1661 1044 1693 hostes
1069 1659 1202 1699 fugiant,

836 1708 880 1739 Et
902 1717 959 1739 nos
985 1708 1068 1739 cives

882 1755 928 1785 tui
953 1754 1134 1795 suscipiant.

906 1877 952 1908 In
977 1878 1007 1909 1.
1031 1876 1245 1917 Vesperis.

960 1959 1005 1987 Ad
1023 1959 1199 1996 Magnificat.

768 2018 807 2050 A.
839 2018 877 2049 In
901 2018 961 2049 hac
983 2017 1047 2050 vita

883 2065 983 2096 multa
1010 2064 1152 2105 pericula

839 2111 939 2143 Nobis
962 2112 1083 2142 instant

884 2160 915 2189 et
938 2158 1036 2189 multa
1061 2158 1196 2201 vincula,

838 2205 862 2237 Ο
888 2204 1026 2243 Gabriel,

883 2254 918 2284 tu
942 2253 1047 2283 mente
1071 2251 1182 2283 sedula

835 2299 977 2338 Regnum
1002 2299 1082 2330 caeli

881 2354 939 2385 pro
963 2346 1052 2377 nobis
1076 2345 1212 2385 postula.

1171 2398 1212 2427 4*
