1650 2542
728 137 982 174 —213—

282 223 365 264 Ave,
390 234 462 256 rosa
485 228 636 269 paradisi,

329 279 415 302 more
438 270 577 312 fraglans
601 275 741 319 balsami,

283 316 469 360 Kathmina,
497 319 585 359 virgo
609 320 695 361 felix,

327 363 463 402 gloriosa
486 366 617 406 meritis,

279 408 471 441 Assistentes
495 412 558 443 tuis
582 412 672 445 festis

327 456 406 487 caeli
434 457 527 497 iunge
550 460 683 498 gaudiis.

341 558 402 590 Ad
426 559 689 595 Matutinum.

406 632 618 661 Invitatorium.

275 686 436 719 Adoretur
461 689 614 729 virginum
639 700 695 723 rex

320 733 354 764 in
379 736 573 767 saeculorum
597 739 730 777 saecula,

276 779 398 818 Virgini
423 783 476 820 qui
501 783 695 816 Katharinae

322 828 454 859 contulit
477 829 633 863 caelestia.

335 938 380 969 In
406 939 435 971 1.
462 940 686 976 Nocturno.

414 1012 521 1048 Antiph
526 1021 607 1041 onae.

215 1066 243 1098 1.
270 1067 365 1106 Virgo
391 1069 514 1109 regalis,

314 1113 389 1145 fidei
411 1116 521 1147 merito
546 1118 701 1155 specialis,

267 1159 312 1190 Ut
334 1160 426 1191 iubar
448 1161 479 1192 in
506 1163 643 1194 tenebris

311 1207 426 1238 mundo
451 1207 628 1240 Katharina
651 1209 784 1243 refulsit.

208 1261 238 1292 2.
265 1260 353 1292 Haec
374 1262 541 1294 Dominum
567 1265 645 1296 caeli

311 1309 520 1347 complectens
542 1314 646 1342 mente
668 1311 766 1354 fideli,

261 1353 395 1393 Respuit
416 1363 563 1396 errorem,

306 1401 415 1432 mundi
436 1402 488 1433 lab
493 1403 571 1434 entis
596 1413 741 1437 amorem.

202 1455 233 1486 3.
257 1454 404 1487 Membra
430 1458 637 1497 redemptoris

305 1500 380 1533 fidei
404 1503 584 1536 Maxentius
613 1505 711 1537 hostis

260 1547 407 1588 Undique
433 1551 594 1591 caedebat,

305 1595 427 1634 gladius
452 1606 510 1636 per
535 1601 645 1629 cuncta
667 1597 800 1632 furebat.

386 1670 589 1706 ResponsorIa.

198 1734 228 1766 1.
255 1733 370 1767 Sancta
393 1736 481 1776 virgo
507 1738 691 1781 Katharina‚

301 1781 386 1813 Costi
410 1784 492 1823 regis
516 1783 592 1826 filia,

255 1827 379 1860 Summo
404 1832 495 1867 patre
519 1830 585 1862 Deo
612 1831 706 1872 digna

298 1875 408 1906 mundi
432 1877 552 1914 sprevit
576 1879 701 1918 gaudia,

182 1920 220 1952 V.
251 1920 328 1953 Tam
355 1922 469 1953 divinis
495 1932 585 1962 quam
610 1924 752 1957 humanis

298 1969 422 2000 erudita
446 1970 568 2003 studiis.

191 2025 221 2056 2.
250 2023 341 2064 Cogit
366 2024 480 2057 Caesar
506 2026 624 2058 Christi
647 2035 755 2059 servos

293 2071 395 2103 libare
421 2073 602 2113 daemoniis,

247 2116 310 2149 Sed
330 2119 459 2158 tyranni
485 2120 571 2160 virgo
596 2120 682 2152 iussa

290 2173 368 2196 voce
393 2165 521 2198 damnat
543 2167 654 2210 libera,

176 2210 213 2243 V.
243 2210 351 2243 Saevit
374 2212 472 2244 hostis
496 2213 678 2246 innocentes

292 2258 449 2297 perimens
474 2261 634 2294 atrociter.

186 2315 217 2347 3.
243 2314 340 2354 Virgo
364 2315 503 2354 prudens
529 2319 561 2348 et
585 2318 686 2350 electa

288 2361 347 2392 Dei
372 2362 527 2401 sapientia

953 235 1116 268 Oratorum
1147 242 1327 278 argumenta

997 283 1070 314 vicit
1092 292 1129 315 ac
1154 286 1316 326 versutias,

911 352 919 359 .
947 328 997 360 Ab
1023 330 1132 369 angelo
1157 330 1341 374 confortata,

996 376 1090 414 plena
1112 377 1173 409 Dei
1197 379 1307 417 gratia.

1010 488 1056 519 In
1081 489 1111 521 2.
1138 489 1361 524 Nocturno.

1086 561 1278 597 Antiphonae.

914 640 920 646 .
947 614 1088 647 Caesaris
1112 618 1271 657 intrepide

991 663 1103 694 studiis
1125 666 1288 703 praeclara
1312 667 1441 706 sophiae

943 708 1058 747 Arguit
1083 718 1219 742 errorem

989 755 1179 788 malesanum
1203 759 1290 798 virgo
1316 758 1463 793 furorem.

910 835 916 841 .
942 808 1013 841 Non
1043 812 1155 843 cedens
1177 814 1302 845 monitis

987 860 1141 889 mactatur
1167 860 1295 891 verbere
1318 862 1413 903 mitis⁷

942 901 1073 934 Carcere
1103 905 1275 945 damnatur,

986 957 1044 980 nec
1066 950 1153 990 virgo
1176 952 1222 982 sic
1242 956 1416 992 superatur.

905 1027 912 1034 .
940 1003 1064 1044 Caesar,
1093 1007 1129 1036 ut
1151 1006 1299 1038 invictam

983 1051 1108 1089 penitus
1133 1052 1213 1083 vidit
1235 1054 1450 1093 Katharinam,

936 1096 982 1128 Ut
1004 1097 1052 1128 leo
1079 1098 1213 1129 crudelis

981 1143 1068 1174 iubet
1079 1144 1159 1175 hanc
1172 1145 1351 1185 discerpere
1358 1149 1476 1187 poenis.

1069 1216 1271 1252 Responsoria.

878 1269 907 1301 1.
934 1270 1055 1310 Sponsa
1079 1272 1195 1305 Christi
1216 1275 1352 1314 gloriosa

978 1318 1093 1356 gaudet
1120 1320 1202 1351 inter
1226 1322 1367 1362 verbera,

929 1362 1024 1395 Nulla
1046 1368 1172 1396 movent
1196 1367 1276 1398 hanc
1299 1370 1453 1407 promissa

976 1418 1035 1442 nee
1061 1414 1182 1443 terrent
1204 1415 1369 1456 supplicia,

860 1454 898 1487 V.
929 1455 1067 1489 Caritate
1090 1459 1257 1492 vulnerata

974 1504 1078 1535 tendit
1101 1505 1141 1536 ad
1168 1507 1322 1541 caelestia.

871 1557 901 1588 2.
929 1556 1069 1590 Christus
1095 1565 1235 1593 sanct-am
1257 1563 1421 1596 tenebroso

973 1606 1126 1637 reclusam
1152 1610 1307 1648 ergastulo

926 1651 1009 1683 Miro
1034 1653 1110 1684 satis
1135 1657 1229 1694 atque
1254 1656 1368 1689 blando

973 1698 1127 1731 confortat
1149 1702 1301 1743 alloqui03

859 1743 895 1777 V.
925 1743 1027 1784 Salve,
1053 1747 1141 1786 virgo
1166 1748 1341 1791 benedicta,

971 1801 1060 1831 quam
1089 1793 1205 1826 Christi
1232 1799 1420 1835 praesentia.

867 1847 897 1878 3.
925 1847 949 1879 Ο
974 1851 1074 1880 mater
1097 1853 1216 1892 nostra,

969 1896 1018 1926 ter
1041 1899 1151 1928 sancta
1174 1900 1344 1938 quaterque
1363 1899 1465 1942 beata,

924 1939 998 1971 Cum
1023 1950 1118 1980 prece
1143 1943 1256 1976 devota

967 1985 1170 2020 famulantum
1195 1992 1319 2031 suscipe
1345 1997 1428 2032 vota,

851 2030 887 2063 V.
917 2032 983 2064 Iam
1009 2035 1134 2068 Christo
1159 2037 1266 2070 iuncta

965 2089 1141 2122 sponsoque
1163 2086 1216 2116 tuo
1242 2086 1369 2120 sociata.

980 2195 1026 2226 In
1049 2196 1080 2229 3.
1106 2195 1330 2233 NocturnO.

1058 2268 1251 2306 Antiphonae.

860 2321 889 2354 1.
915 2322 1062 2357 Machina
1090 2328 1232 2366 poenalis

960 2373 1037 2402 nutu
1064 2373 1207 2414 dispacta
1229 2377 1377 2416 tonantis,
