1650 2542
752 134 1002 168 —252—

243 227 340 255 iuncto
366 235 473 263 negans
499 227 534 254 D.
562 241 595 246 —
628 224 647 252 Β
668 225 700 260 2,
726 225 745 253 4
767 226 882 253 trahens
908 226 945 252 D.
971 239 1008 244 —-
1029 223 1049 250 Β
1070 223 1096 258 2,
1117 223 1134 251 7
1153 225 1286 260 frangens
1306 224 1342 251 D.
1362 237 1400 242 -
1420 219 1440 249 Β
1460 220 1486 257 3,
1509 218 1524 248 1

245 265 321 292 Dum
348 266 440 291 sancti
466 265 501 291 D.
526 279 563 283 —
591 263 610 290 Β
638 262 668 297 3,
694 261 711 289 2
736 263 876 290 Praedam
901 263 979 297 rapit
1001 263 1041 296 D;
1069 262 1145 289 hunc
1168 265 1318 297 protervus
1341 261 1413 288 fehlt
1431 261 1468 287 D.
1487 274 1524 278 —

245 299 265 326 Β
291 299 323 335 3,
349 300 368 328 4
386 301 531 328 Summam
557 302 685 328 thesauri
710 301 770 328 BD.
792 314 826 318 —
851 298 870 325 Β
891 297 920 334 3,
949 297 966 326 9
991 300 1023 325 in
1049 300 1155 335 templo
1183 300 1219 327 D.
1240 315 1277 319 —
1306 297 1327 324 Β
1346 297 1367 325 4
1383 297 1523 325 Mundum

243 338 383 365 vincendo
410 340 462 365 etc.
482 339 518 365 D.
539 354 574 358 —
599 338 640 365 In
668 336 694 364 2.
714 337 811 364 Noct.
832 335 854 363 A
880 335 894 363 1
916 337 1038 364 Sanctus
1058 336 1170 372 fulgens
1189 336 1337 363 miraculis
1358 338 1410 362 etc.
1431 335 1466 362 D.
1489 350 1523 354 —-

244 373 268 401 A
288 373 306 401 2
324 376 359 402 In
378 376 485 401 virtute
504 378 562 408 tua,
584 374 704 407 Christe,
725 377 778 401 etc.
798 374 834 401 D.
848 388 885 392 —
899 372 921 399 A
941 371 959 400 3
978 373 1076 400 Vitam
1090 375 1174 409 petiit
1186 375 1389 408 sempiternam
1403 373 1444 406 D;
1464 371 1522 406 vgl.

242 411 293 439 das
319 411 551 446 vorhergehende
578 410 717 439 Officium.
745 426 780 430 -
805 410 827 436 A
852 409 872 437 4
897 411 952 437 Dei
978 412 1102 437 montem
1126 410 1174 437 hic
1199 410 1328 438 ascendit
1355 412 1407 437 etc.
1429 409 1466 436 D.
1488 423 1523 427 -

242 447 264 475 Α
284 447 301 475 5
321 448 407 475 ibid.:

683 485 708 511 A
728 485 831 510 timore
850 485 961 511 inimici

721 520 842 547 Sanctus
862 523 943 556 pater
963 523 1007 548 est
1026 523 1148 556 ereptus,

683 558 760 585 Dum
779 559 811 584 in
831 559 909 584 exitu
928 558 1005 585 felici

719 595 849 630 Regnum
868 595 941 622 caeli
960 598 1003 622 est
1022 595 1151 630 adeptus.

241 640 288 669 AA
313 641 330 669 6
356 641 415 669 uncl
439 640 455 667 7
475 640 631 676 prosaisch.
654 641 690 667 D.
717 654 752 658 —
772 638 794 666 A
823 639 847 674 1,
871 639 889 667 2
916 641 1063 674 Quomodo
1090 642 1122 668 B.
1150 655 1186 659 —
1212 639 1233 666 Β
1258 639 1272 667 1
1294 641 1317 668 O
1339 641 1471 668 sacerdos
1490 642 1521 667 in

242 682 386 706 aeternum
416 681 467 705 etc.
487 678 523 704 D.
543 692 580 696 —
601 675 621 703 Β
646 675 664 703 2
691 678 714 705 O
740 678 909 704 Leonharde
932 686 984 705 vas
1010 679 1131 705 electum
1157 681 1209 705 etc.
1225 679 1266 704 D.
1286 692 1322 696 —-
1344 676 1364 704 Β
1387 676 1413 712 3,
1435 675 1470 704 13
1491 678 1519 704 ff.

241 717 335 743 fehlen
354 716 387 742 A.
408 730 444 734 —
466 713 485 740 Β
513 712 530 742 3
557 715 605 742 Fit
629 723 782 741 concursus
809 714 956 742 hominum
977 717 1029 742 etc.
1054 715 1091 742 D.
1118 729 1154 733 —
1181 713 1201 740 Β
1227 714 1246 742 4
1268 715 1385 742 Petram
1403 716 1520 749 Moyses

244 754 386 789 percussit
405 755 456 779 etc.
473 752 509 779 D.
529 766 566 770 —
584 752 626 778 In
645 749 671 778 3.
691 752 788 779 Noct.
807 752 852 778 Ad
873 752 954 779 Cant.
975 751 997 778 A
1017 753 1049 778 in
1068 752 1110 779 D:

686 793 709 821 O
729 793 898 820 Leonharde
916 793 1044 826 mirifice,

684 831 740 863 Qui
759 830 834 857 soles
854 832 971 857 cunctos
991 831 1103 858 solvere

683 868 709 894 A
727 867 828 894 ferreis
848 867 1040 903 compedibus,

681 904 741 932 Nos
761 904 841 931 solve
860 906 917 931 tuis
936 905 1069 940 precibus

681 942 707 968 A
722 944 903 976 peccatorum
921 942 1047 968 vinculis

680 978 721 1005 Et
739 986 758 1005 a
775 979 885 1005 cunctis
904 979 1050 1013 periculis.

241 1022 263 1049 A
285 1023 315 1056 1,
336 1022 353 1050 2
369 1024 492 1051 Habitat
510 1024 545 1051 D.
565 1040 601 1043 —
622 1023 644 1050 A
665 1022 690 1058 2,
710 1022 728 1049 2
749 1026 864 1051 sanctus
883 1025 940 1051 iste
957 1025 994 1051 D.
1013 1038 1051 1043 —
1071 1023 1093 1051 A
1116 1023 1142 1059 2,
1162 1023 1181 1052 4
1199 1033 1304 1052 nomen
1323 1033 1406 1052 suum
1425 1025 1462 1052 D.
1484 1039 1517 1044 -—

241 1059 263 1086 A
284 1064 309 1094 ὅ,
329 1058 346 1088 3
370 1060 472 1087 Stabat
491 1069 554 1095 que.
577 1061 612 1088 D.
634 1077 669 1080 —
691 1059 711 1086 Β
733 1059 748 1087 1
770 1060 875 1087 Sancte
893 1063 974 1095 pater
992 1062 1163 1089 Leonharde
1182 1065 1233 1089 etc.
1254 1063 1296 1096 D3
1316 1062 1375 1097 vgl.
1396 1062 1446 1089 das
1466 1071 1516 1089 vo-

241 1099 302 1132 rige
322 1097 461 1124 Officium.
482 1112 516 1116 —
539 1095 559 1122 Β
580 1096 597 1123 2
617 1098 641 1125 O
661 1099 734 1124 mira
752 1098 867 1124 bonit-as
889 1097 996 1125 Christi
1017 1101 1069 1125 etc.
1089 1100 1130 1133 D3
1152 1099 1268 1126 ebenda.
1290 1114 1328 1118 —
1348 1097 1368 1124 Β
1388 1097 1408 1125 4
1426 1101 1458 1126 in
1475 1100 1517 1126 D:

451 1139 478 1165 R
506 1138 529 1165 O
546 1141 628 1173 pater
649 1141 677 1165 et
695 1141 800 1174 pastor,
823 1147 838 1165 o
859 1140 936 1166 mitis
958 1142 986 1167 et
1004 1141 1089 1167 unice
1108 1143 1209 1173 rector,

508 1176 531 1202 O
551 1176 721 1202 Leonharde
738 1176 822 1208 bone,
842 1177 975 1210 specialis
997 1179 1025 1203 et
1045 1178 1119 1204 alme
1141 1180 1269 1212 patrone,

503 1212 580 1239 Audi
598 1213 727 1247 placatus
747 1214 860 1239 nostros
877 1221 941 1239 cum
960 1213 1045 1240 laude
1064 1217 1204 1249 precatus,

451 1249 486 1276 V.
506 1249 547 1276 Ut
565 1250 630 1284 pius
649 1249 704 1276 hoc
722 1249 830 1276 humile
852 1257 963 1284 semper
983 1252 1091 1277 tuearis
1111 1252 1195 1278 ovile.

241 1292 261 1320 Β
283 1293 302 1321 4
321 1294 452 1326 Benedic,
474 1295 605 1328 Domine,
627 1298 678 1321 etc.
699 1295 734 1321 D.
754 1309 790 1313 —
809 1295 849 1321 In
867 1296 974 1322 Laud.
996 1294 1017 1321 A
1039 1295 1063 1329 1,
1085 1295 1099 1323 1
1120 1299 1186 1332 post
1204 1299 1325 1324 mortem
1344 1299 1381 1325 D.
1397 1312 1434 1316 —
1454 1297 1476 1324 A
1498 1296 1516 1325 3

238 1331 296 1357 und
321 1330 339 1357 4
365 1331 522 1358 irrtiimlich
547 1332 712 1366 umgestellt
731 1332 763 1358 A.
792 1348 813 1351 —
842 1330 864 1357 A
885 1330 916 1365 4,
937 1330 954 1359 3
974 1335 1078 1360 meruit
1097 1335 1301 1368 sempiternum
1319 1335 1353 1361 B.
1380 1350 1416 1354 —-
1436 1335 1518 1362 Naeh

240 1368 289 1395 der
308 1366 330 1393 A
359 1368 395 1394 ad
416 1368 587 1395 Benedictus
614 1368 709 1403 folgen
729 1370 760 1394 in
779 1369 805 1394 D
827 1369 901 1395 noch
921 1367 938 1396 3
958 1368 1020 1396 AA:
1043 1369 1067 1396 1.
1089 1370 1170 1397 Sicut
1189 1371 1233 1398 leo
1253 1372 1442 1398 Leonhardus
1464 1375 1516 1399 etc.

238 1405 283 1439 D3
303 1405 359 1440 vgl.
380 1404 430 1431 das
449 1406 549 1440 vorige
568 1405 647 1432 Offic.

633 1440 659 1468 2.
678 1442 792 1468 Florem
811 1442 911 1468 mundi
929 1444 1088 1477 periturum

717 1479 857 1513 Despexit
874 1481 934 1505 tam
953 1480 1071 1514 aridum,

678 1516 720 1543 Ut
737 1515 852 1542 floreret
869 1517 900 1542 in
919 1519 1067 1544 aeternum

716 1552 903 1579 Leonhardus
927 1556 994 1581 ante
1012 1555 1113 1590 Deum,

623 1589 658 1615 V.
680 1589 794 1616 Pennas
815 1598 929 1617 sumens
948 1593 982 1617 ut
1000 1592 1150 1620 columbae

678 1626 808 1653 Recessit
826 1627 954 1661 gaudens
975 1630 1083 1663 requie.

239 1669 260 1697 Β
279 1669 297 1698 3
317 1671 381 1698 Rex
402 1673 530 1707 reginam
550 1672 617 1698 dum
636 1672 749 1708 lugeret
768 1675 819 1699 etc.
839 1673 890 1707 D.3
915 1674 974 1708 vgl.
995 1674 1046 1702 (las
1064 1677 1164 1711 vorige
1183 1676 1264 1703 Offic.
1284 1693 1321 1696 —
1339 1678 1426 1705 Danu
1445 1678 1519 1714 folgt

238 1710 302 1735 eine
322 1706 344 1734 A
364 1709 551 1736 Leonhardus
571 1709 715 1736 habitavit
730 1712 795 1744 εἰσ-ς
815 1710 872 1744 vgl.
888 1718 912 1736 a.
927 1718 952 1737 a.
967 1712 999 1739 O.
1016 1713 1074 1738 und
1089 1715 1203 1741 weitere
1216 1714 1277 1741 drei
1289 1715 1517 1748 Responsorien:

579 1753 604 1782 1.
625 1755 746 1782 Sanctus
766 1757 822 1783 iste
840 1759 898 1789 tuo,
921 1757 1042 1793 Christe,

660 1793 803 1820 Firmatus
822 1795 981 1822 munimine

625 1830 757 1863 Domum,
777 1829 847 1857 fines
868 1833 897 1857 et
915 1831 1015 1859 affines

661 1867 767 1894 Mentis
788 1870 959 1904 contempsit
977 1871 1109 1904 eulmine,

566 1904 601 1930 V.
620 1904 663 1931 Ut
679 1904 825 1931 Abraham
844 1913 974 1940 egressus
995 1910 1047 1941 est,

623 1941 684 1974 Quo
704 1944 879 1976 monstrasti,
899 1945 1045 1977 ingressus
1066 1949 1117 1973 est.

576 1985 602 2013 2.
623 1987 738 2020 Quanta
755 1988 846 2024 fulget
864 1990 1051 2020 Leonhardus
1070 1993 1165 2028 gloria

622 2025 657 2051 In
675 2024 731 2051 hoc
748 2026 853 2053 mundo
874 2027 1003 2063 caelique
1023 2031 1112 2063 curia,

624 2060 787 2088 Sanitatum
802 2064 906 2097 probat
923 2065 1092 2100 frequentia,

567 2098 602 2124 V.
622 2098 746 2133 Lepram
765 2100 891 2134 mundat,
911 2101 993 2137 fugat
1011 2103 1170 2137 daemonia,

620 2135 721 2170 Aegris
742 2137 803 2163 eius
824 2138 958 2165 subvenit
975 2142 1078 2175 gratia.

578 2178 605 2207 3.
625 2180 821 2216 Leonhardus,
840 2192 892 2210 vas
912 2185 1044 2218 solidum,

621 2218 682 2244 Vas
702 2226 771 2245 auro
792 2220 961 2248 adornatum

622 2253 707 2281 Omni
726 2256 823 2291 lapide
842 2259 976 2293 pretioso,

621 2292 726 2319 Vinum
745 2295 823 2320 vitae
841 2294 997 2330 propinans
1017 2297 1122 2331 populo

564 2329 600 2355 V.
620 2328 703 2356 Stola
721 2338 752 2357 se
771 2332 862 2358 cinxit
880 2332 990 2367 gloriae

618 2365 654 2392 In
672 2367 811 2394 virtutum
830 2371 1049 2403 perpetratione.
