1650 2542
696 88 923 122 -27-

238 178 323 209 Hinc
345 179 508 210 Adauctus
533 181 719 220 appellatur,

285 224 343 263 Qui
367 226 482 257 Felicis
507 227 651 265 passibus

237 271 356 303 Auctus
380 272 463 303 ultro
489 274 654 313 copulatur

284 319 410 349 Iunctus
435 319 467 350 in
493 320 689 352 caelestibus.

354 400 399 427 Ad
418 401 589 430 Benedictus

167 457 205 487 A.
237 457 406 497 Insignitus
432 457 645 491 circumfultus

238 503 409 535 Venustate
434 504 493 535 Dei
518 506 622 537 vultus

285 550 423 590 Uterque
448 551 480 582 in
505 552 661 592 aethereo,

237 597 373 635 Quorum
398 597 466 636 pios
491 607 549 637 per
573 599 725 638 singultus

237 643 338 674 Homo
363 647 483 675 terreus
509 645 648 684 sepultus

284 690 442 721 Fidelium
469 700 487 721 a
512 700 618 732 cuneo,

239 737 321 773 Quos
347 736 483 768 effodere
507 739 656 769 tumultus

237 783 432 822 Paganorum
460 784 531 815 dum
560 785 692 815 insultus

285 829 443 861 Conantur
468 830 506 860 ab
532 839 615 871 areo,

236 874 336 905 Hoste
360 878 431 905 sunt
458 876 558 914 erepti

235 920 358 952 Inferos
384 921 501 960 adepti.

974 184 1020 215 In
1046 186 1077 216 2.
1103 186 1317 224 Vesperis.

1026 266 1259 301 Responsorium.

836 321 875 354 R.
908 322 931 353 O
958 321 1035 354 felix
1060 331 1150 361 quam
1175 322 1321 365 felicitas,

953 368 1125 400 Intermina
1148 368 1266 407 fruitio,

908 414 931 445 Ο
957 423 1071 454 perpes
1095 417 1298 454 generositas,

954 462 1049 499 Quam
1075 462 1165 493 huius
1188 463 1271 493 vitae
1295 464 1398 501 spatio

1000 507 1151 539 Felieiter
1174 512 1302 549 peracto

907 554 1006 586 Felici
1031 554 1063 584 in
1090 562 1236 594 empyreo

956 600 1137 631 Perenniter
1162 602 1361 640 amplecteris

907 647 990 678 Fuso
1016 654 1126 677 cruore
1150 656 1239 678 roseo

952 692 1019 730 Qua
1044 694 1173 724 caelitus
1198 693 1381 733 perfrueris,

999 739 1023 771 Ο
1048 738 1150 779 Felix,
1177 749 1244 771 cum
1271 741 1422 773 Adauctc.

837 786 875 817 V.
907 786 1001 823 Quam
1027 794 1178 825 generosa
1204 787 1313 817 civitas

955 831 1143 863 Cunctorum
1167 835 1201 863 ut
1226 834 1408 865 laetantium

906 877 1000 908 Lucis
1024 878 1056 909 in
1081 882 1113 909 te
1137 882 1315 920 aeternitas,

950 924 1106 954 Virtutum
1132 925 1206 955 urbs
1231 926 1422 960 caelestium.

263 985 343 1011 Brev.
366 984 393 1011 S.
413 985 540 1012 Servatii
560 986 721 1012 Traiecton.
743 987 810 1020 imp.
833 985 971 1013 Coloniae
992 985 1073 1013 1503.
1116 1003 1130 1007 τ
1151 988 1200 1014 Dit
1226 988 1348 1023 iibrigen
1366 990 1440 1016 Tolle

166 1021 324 1055 prosaisch.
343 1036 381 1040 —
400 1022 441 1049 In
461 1020 486 1048 2.
506 1022 606 1058 Vesp.
628 1023 663 1049 ad
676 1023 773 1058 Magn.
795 1021 816 1048 Α
837 1025 890 1050 wie
912 1025 942 1049 in
964 1022 987 1050 1.
1008 1024 1094 1059 Vesp.
1115 1038 1150 1042 —
1171 1025 1235 1051 Den
1254 1026 1447 1061 zug.h‹⁷›’rigen

166 1058 300 1092 Hymnus
321 1059 370 1085 cfr.
391 1058 474 1086 Anal.
495 1060 561 1094 XII,
586 1058 646 1086 117.

598 1169 622 1197 7.
663 1167 703 1197 De
724 1169 829 1199 saneto
851 1168 1013 1200 Feliciano.

301 1236 346 1267 In
374 1237 403 1268 1.
432 1236 643 1275 vesperis,

348 1299 440 1334 Super
453 1299 594 1326 Psalmos.

164 1348 203 1378 A.
236 1346 322 1377 Nulli
349 1347 390 1377 sit
408 1356 520 1378 vanum

281 1393 425 1424 venerari
449 1394 650 1435 Fefieianum,

237 1438 417 1471 Pontificem
443 1443 594 1479 sanctum,

281 1489 450 1525 postponat
495 1488 533 1518 ob
581 1487 640 1518 hoc
686 1488 776 1518 homo

555 1534 725 1573 planctum,

237 1578 385 1609 Cantibus
411 1581 443 1609 et
465 1579 595 1618 psalmis

280 1625 474 1656 sollemniter
496 1628 529 1656 ut
555 1630 645 1657 vacet
669 1626 769 1658 almis.

325 1688 417 1724 Super
438 1689 615 1724 Magnificat.

162 1738 201 1770 A.
232 1737 256 1769 O
283 1737 394 1776 quibus
418 1738 451 1768 in
476 1738 570 1769 caelis

279 1785 399 1815 meritis
423 1784 474 1815 1116
498 1793 595 1816 verna
619 1784 722 1817 fidelis

235 1831 353 1862 Christi
377 1831 521 1870 laetatur,

279 1877 391 1908 merito
418 1877 466 1908 cui
492 1879 725 1917 congratulatur

233 1924 326 1957 Orbis
351 1924 441 1963 plebs
466 1926 533 1955 tota

278 1971 340 2002 sibi
359 1971 542 2011 persolvens
567 1971 621 2010 pia
645 1974 727 2012 vota,

233 2018 323 2051 Omni
344 2027 415 2049 nam
442 2018 553 2058 dignus

280 2068 325 2096 est
351 2065 445 2096 laude
470 2065 519 2096 vir
535 2066 596 2096 iste
613 2064 775 2103 benignus,

296 2159 356 2189 Ad
382 2158 644 2189 Matutinum.

366 2222 577 2249 Invitatorium.

234 2271 407 2303 l‘sallentcs
432 2271 492 2302 rite

278 2318 412 2350 Domino
438 2318 581 2361 iubilarc‚
604 2318 718 2350 venite.

960 1249 1005 1279 In
1032 1249 1061 1280 1.
1089 1249 1314 1282 Nocturno.

1048 1330 1233 1366 Antiphonae

847 1396 876 1427 1.
903 1395 1005 1434 Impia
1032 1396 1158 1427 decreta

949 1445 1147 1474 contemnens
1176 1443 1354 1475 Felicianus

901 1488 1024 1519 Adnuit
1047 1490 1166 1520 athleta

950 1535 1076 1566 Domini
1101 1535 1169 1567 fore
1196 1537 1379 1570 cotidianus

845 1592 876 1623 2.
903 1589 1026 1622 Christo
1050 1592 1169 1623 servire

948 1646 1007 1668 non
1026 1638 1143 1677 absque
1158 1639 1270 1670 timore
1287 1640 1444 1672 studebat.

902 1684 930 1714 A
955 1684 1074 1716 semitis
1097 1685 1144 1715 ire

947 1730 1037 1762 iustis
1063 1740 1153 1770 quern
1178 1741 1267 1763 nemo
1294 1733 1429 1765 videbat.

844 1786 873 1818 3.
902 1786 998 1817 Nulla
1023 1788 1188 1819 verborum

947 1834 1133 1872 perterritus
1161 1835 1332 1874 asperitate

900 1880 985 1911 Vicit
1007 1880 1183 1919 iniquorum

948 1927 1009 1957 vim
1035 1927 1220 1959 stridentem
1244 1928 1395 1960 bonitate.

1037 2020 1241 2055 Responsoria.

847 2087 876 2119 1.
904 2085 1042 2125 Gignens
1068 2085 1221 2126 fulgorem

950 2131 1088 2172 fulginea
1112 2134 1178 2165 sive
1205 2134 1347 2166 decorem

904 2178 1027 2211 Dicitur
1051 2180 1128 2211 haec
1153 2179 1237 2212 facta

950 2235 1001 2257 res
1027 2229 1075 2258 est
1099 2236 1233 2267 vereque
1257 2230 1397 2267 peraeta,

834 2272 871 2304 V.
901 2273 994 2305 Hunc
1017 2283 1088 2305 nam
1113 2275 1273 2314 produxit,

951 2318 1024 2351 fidoi
1049 2321 1102 2352 lux
1127 2322 1210 2353 uncle
1234 2322 1362 2357 reluxit.
