1650 2542
685 126 914 164 -37-

896 225 993 264 Quam
1016 223 1117 265 patris
1141 223 1261 257 meritis

944 271 1017 302 data
1042 272 1126 303 caelo
1150 281 1213 311 pax
1237 271 1392 315 abolevit3

896 317 1071 350 Ecclesiam
1095 318 1188 349 theca

942 365 1066 404 prolata
1088 366 1192 395 tuetur
1216 364 1255 396 ab
1279 365 1362 406 igne,

895 411 1036 450 Protegit
1060 412 1092 441 et
1114 411 1236 442 thecam

944 457 1085 488 caelestis
1118 457 1219 496 gratia
1244 457 1346 497 digne.

226 219 262 251 In
287 218 382 251 vitam
407 220 530 253 validus

272 268 303 297 et
326 270 435 306 pastor
456 267 682 308 magnificatus.

170 333 200 364 4.
227 331 334 363 Sancti
358 332 498 372 reliquiis

271 379 403 417 prolatis
428 388 529 411 messe
552 380 661 412 adulta

225 424 331 464 Surgit
355 428 387 456 et
409 426 510 457 imbre
536 427 608 458 dato

272 471 357 502 redit
379 473 453 503 anni
478 473 568 513 copia
590 474 699 507 multa.

171 538 201 568 5.
229 536 405 568 Prostravit
429 539 548 576 segetes

271 583 410 614 autumni
435 584 481 615 vis
505 584 662 624 pluvialis,

224 629 350 660 Terruit
373 630 526 670 agricolas

271 678 405 707 maestos
430 676 579 707 violentia
601 677 685 716 talis,

224 721 331 753 Sancti
355 722 496 761 reliquiis

960 549 1006 580 In
1032 551 1063 581 2.
1089 549 1305 588 VesperiS.

1012 622 1057 649 Ad
1075 621 1250 657 Magnificat.

824 679 863 709 A.
893 679 946 710 Ad
969 687 1079 718 pacem
1106 679 1249 711 stabilem

942 725 1075 764 castigas
1098 725 1207 756 militis
1231 725 1313 756 acris

271 769 435 807 productis
458 778 534 800 aura
558 777 669 800 serena
895 770 1081 802 Grassantes
1107 770 1239 803 famulos

223 815 389 854 Redditur,
416 818 447 845 et
468 816 546 846 votis
942 817 1078 860 meritis,
1112 820 1204 857 pater
1226 818 1352 858 inclite,
1386 827 1436 849 sa-

270 861 462 899 respondent
485 861 599 892 horrea
622 862 724 901 plena.
1214 864 1294 904 cris3

893 908 1058 940 Convaluit
1081 910 1214 949 supplex

935 954 1039 992 herus,
1066 956 1190 994 periere
1215 956 1353 995 clientes,

890 1000 996 1032 Poena
1025 1001 1116 1033 docet
1140 1002 1206 1041 regi

935 1055 1043 1086 regum
1067 1056 1180 1086 parere
1202 1050 1356 1086 potentes.

338 942 382 969 Ad
401 942 582 969 Benedictus.

150 1001 190 1032 A.
219 999 324 1030 Theca
347 998 517 1038 ferebatur,

265 1045 387 1076 hostilis
412 1054 517 1085 pugna
541 1045 669 1085 quievit,

224 1109 306 1135 Brev.
339 1116 390 1135 ms.
417 1108 625 1143 Argentinense
652 1116 725 1135 saec.
755 1107 797 1136 15.
844 1108 911 1136 Oocl.
940 1110 1142 1137 Carolsruhan.
1169 1110 1245 1137 Unh.
1272 1111 1362 1137 Herk.
1395 1109 1437 1138 12„

148 1146 182 1173 A.
210 1160 247 1164 —
273 1147 355 1173 Brev.
377 1144 588 1178 Argentinense
612 1147 680 1180 imp.
700 1146 869 1181 Maguntiae
898 1144 978 1174 1478.
1005 1148 1037 1174 Β.
1063 1162 1097 1165 -
1125 1148 1209 1175 Brev.
1229 1148 1416 1184 Argt=ntinens

150 1185 217 1219 imp.
238 1191 259 1210 s.
281 1183 299 1209 1.
324 1180 402 1210 1489.
421 1183 451 1209 G.
471 1198 508 1201 —
527 1183 610 1209 Brev.
624 1183 834 1218 Argentinense
850 1185 918 1219 imp.
939 1193 961 1211 s.
981 1184 1001 1211 1.
1024 1183 1104 1212 1510.
1119 1185 1154 1212 D.
1175 1200 1212 1203 —
1231 1185 1271 1212 111
1290 1190 1316 1212 κ.
1337 1185 1380 1211 N·
1397 1188 1436 1212 ct.

148 1219 170 1246 Α
193 1219 216 1254 1,
238 1218 255 1247 2
275 1221 391 1247 tenebat
409 1221 485 1246 tecta
499 1220 530 1247 B.
553 1234 585 1238 —
609 1218 630 1245 Α
652 1219 675 1254 1,
691 1217 708 1247 3
729 1221 821 1255 Regia
841 1221 914 1247 fehlt
932 1222 964 1248 B.
986 1236 1021 1240 --
1041 1222 1084 1248 Zu
1108 1222 1168 1249 <lies
1182 1231 1215 1248 .m
1235 1221 1366 1249 Officium
1386 1231 1436 1259 ge-

149 1258 216 1285 bort
235 1258 284 1284 der
303 1258 449 1292 Hymnus:
477 1257 613 1284 Exsultet
631 1257 717 1284 vallis
737 1258 848 1285 Hasela
866 1258 962 1292 (Mone
981 1259 1035 1292 111,
1062 1257 1135 1294 301),

577 1375 603 1407 11
611 1384 637 1406 a.
667 1376 709 1407 De
729 1377 832 1407 sancto
852 1376 1004 1407 Floriano.

282 1446 326 1477 ln
358 1445 386 1477 1.
413 1444 629 1483 Vesperis.

333 1518 425 1552 Super
444 1517 581 1544 Psalmos.

148 1573 187 1606 A.
218 1572 323 1604 Incliti
346 1574 455 1604 militis
480 1574 535 1613 tui,

220 1618 350 1658 Christe,
375 1629 431 1651 nos
452 1620 595 1652 Floriani

216 1666 399 1698 Precatibus
424 1676 443 1698 a
466 1667 605 1708 peccatis

215 1713 362 1745 Emunda

214 1759 258 1791 Et
281 1759 375 1792 beata
399 1761 580 1792 meritorum

216 1806 282 1837 Nos
307 1805 397 1846 fruge
420 1807 546 1846 pietatis

214 1853 301 1884 Tuae
320 1853 407 1893 largo
432 1862 503 1884 rore
527 1852 661 1886 fecunda

214 1899 258 1931 Et
281 1900 407 1931 tandem
432 1900 553 1939 perduc
577 1901 618 1932 ad
641 1901 721 1933 atria

216 1946 377 1978 Caelorum
403 1946 547 1980 iucunda.

330 2020 375 2047 Ad
394 2020 571 2057 Mag-nificat.

174 2103 181 2110 .
213 2078 237 2110 O
262 2076 370 2109 florem
394 2078 486 2110 Eden
510 2086 710 2117 purpureum,

212 2125 432 2156 Beatissimum
455 2125 648 2164 Florianum,

211 2171 270 2210 Qui
295 2172 412 2203 saeculi
436 2172 580 2203 militiam

210 2219 247 2251 In
258 2218 341 2251 vitae
351 2220 541 2251 commutans
547 2218 757 2250 innocentiam

210 2266 262 2297 Ad
289 2266 433 2305 martyrii
458 2274 588 2306 agonem

209 2312 271 2344 Per
316 2311 391 2345 fidei
438 2315 590 2352 properat
635 2310 755 2343 confes-

530 2360 667 2399 sionem3

890 1447 949 1477 Pro
976 1446 1099 1477 Christo
1124 1446 1224 1477 laetus
1250 1445 1395 1477 occubuit

887 1492 1089 1531 Regnumque
1105 1500 1272 1531 supernum
1287 1492 1430 1533 obtinuit,

890 1538 983 1570 Cuius
1008 1538 1127 1570 meritis
1151 1540 1184 1570 in
1209 1539 1304 1570 caelis

889 1584 1146 1617 Commendemur
1171 1588 1203 1616 et
1225 1586 1258 1617 in
1282 1586 1375 1617 terris

946 1697 975 1728 A
988 1696 1007 1728 d
1031 1696 1298 1731 Matutinum.

1016 1770 1230 1798 Invitatorium.

885 1827 1021 1866 Florem,
1048 1836 1108 1867 quo
1133 1826 1225 1859 floret

931 1874 1108 1914 Florianus,
1134 1875 1267 1907 mundus
1293 1876 1412 1916 adoret,

885 1922 951 1960 Ipsi
975 1921 1070 1952 laude
1093 1921 1147 1960 pia

931 1967 1092 1999 iubilando
1118 1966 1264 2007 frequens
1280 1969 1431 2005 Alleluia,

944 2090 986 2121 In
1012 2090 1041 2122 1.
1068 2089 1125 2121 No
1137 2092 1296 2123 cturno.

1033 2163 1207 2199 Antiphona.

885 2220 922 2251 In
946 2219 1095 2252 Floriano
1119 2221 1214 2253 latuit

884 2266 947 2298 Sub
972 2268 1101 2299 militari
1126 2268 1292 2309 chlamyde

885 2312 1000 2345 Christi
1023 2315 1094 2356 tiro,
1121 2315 1173 2354 qui
1199 2315 1310 2357 patuit,

882 2360 965 2392 Dum
987 2371 1122 2402 pugnam
1147 2363 1227 2401 petit
1250 2363 1351 2396 avide.
