1650 2542
659 110 885 144 „21-

202 201 248 232 Te
272 201 363 233 decet
386 202 465 234 haec
487 204 619 235 tentatio

247 247 415 288 Roburque
439 250 596 288 spondens
622 251 659 293 ei,

133 292 170 326 V.
199 293 331 325 Morbus
357 296 491 334 primum
516 297 662 336 asseclas,

249 340 331 371 Dein
355 342 503 373 animalia

248 386 411 418 Interfecit
437 389 549 420 omnia.

145 442 176 472 2.
201 440 397 474 Auferuntur
421 444 525 475 omnia

249 487 298 519 De
324 489 413 521 domo
439 499 496 529 per
519 491 706 530 praedones,

203 533 300 565 Plena
324 536 370 566 sic
393 537 525 575 penuria

248 580 398 612 Ditantur
422 583 550 622 tirones,

130 626 167 657 V.
200 626 239 657 Hi
266 628 359 666 plene
383 629 430 659 sic
453 629 545 660 liberi

248 674 385 713 Pergunt
412 678 501 707 extra
524 675 657 714 patriam

248 720 366 752 Christi
392 724 557 760 sequentes
581 722 716 753 latriam.

143 775 174 806 3.
201 774 394 814 Navigantes
417 777 538 815 pariter

247 821 382 853 Naulum
408 824 594 862 postulatur,

196 866 350 898 Aufertur
372 867 520 899 flebiliter

245 913 341 956 Uxor,
368 915 417 946 vir
441 915 601 952 tristatum

130 959 166 990 V.
198 959 330 990 Sumens
354 961 481 992 tandem
505 960 587 992 filios

245 1006 378 1037 Maritus
403 1008 571 1046 exsulatur,

246 1051 307 1083 Cor
333 1053 386 1084 diu
411 1053 476 1084 eius
499 1054 654 1086 turbatur.

256 1164 303 1195 In
330 1165 361 1196 2.
385 1163 610 1196 Nocturno.

335 1236 525 1272 Antiphonae.

142 1293 171 1324 1.
199 1293 304 1324 Verba
326 1302 397 1324 mea
420 1296 591 1333 personent

241 1340 335 1371 Tanti
361 1340 420 1370 viri
446 1343 614 1379 stuporem,

195 1386 276 1417 Dum
301 1386 382 1417 mira
408 1387 478 1417 dira
500 1389 649 1417 renovent

241 1432 344 1471 Ipsius
369 1433 415 1463 sic
440 1433 588 1464 dolorem.

137 1488 168 1519 2.
196 1486 340 1526 Domine,
367 1487 517 1518 Dominus
541 1490 656 1527 noster,

236 1534 333 1572 Quam
359 1534 545 1565 admiranda
570 1533 660 1574 facis,

195 1579 269 1611 Cum
295 1582 367 1611 tuus
392 1581 437 1611 sic
462 1581 603 1612 minister

240 1625 390 1657 Privatur
413 1627 477 1658 suis
503 1627 593 1658 caris.

135 1683 166 1714 3.
191 1681 335 1721 Domine,
362 1682 431 1722 quis
455 1682 612 1714 habitabit

240 1729 276 1760 In
301 1732 354 1760 tuo
379 1728 609 1761 tabernaculo?

193 1776 289 1814 Quem
315 1778 369 1806 tua
393 1776 440 1806 sic
458 1776 608 1815 probavit

237 1822 346 1853 Virtus
369 1824 456 1853 tanto
481 1823 642 1854 miraculo.

327 1895 531 1930 Responsoria.

133 1952 163 1985 1.
189 1952 227 1984 In
252 1951 323 1991 ripa
345 1954 454 1983 natum
477 1953 581 1992 posuit

236 1998 339 2031 Unum
364 1999 652 2039 transportandum,

189 2046 283 2084 Quem
310 2054 382 2077 mox
406 2046 498 2085 lupus
523 2046 637 2086 rapuit,

235 2093 343 2132 Ipsum
368 2093 409 2124 ad
433 2094 603 2125 iuvandum

119 2139 155 2172 V.
185 2139 266 2170 Dum
293 2139 386 2181 redit,
409 2141 459 2171 leo
483 2149 581 2172 vorax

233 2186 378 2217 Alterum
403 2187 436 2218 in
458 2187 609 2227 praedam

233 2233 319 2264 Tulit
346 2241 475 2266 currens
500 2234 541 2266 ad
567 2234 688 2266 silvam.

129 2291 159 2322 2.
188 2289 212 2322 O
239 2289 384 2321 miranda
407 2290 551 2329 probatio

232 2336 327 2369 Istius
353 2337 524 2377 agonistae,

874 205 1025 237 Natorum
1052 207 1123 238 dum
1148 207 1284 246 perditio

919 253 1091 284 Amborum
1115 252 1160 291 fit,
1186 262 1203 284 o
1230 253 1363 290 Christe,

804 298 841 330 V.
869 298 937 329 Tua
963 300 1097 330 clemens
1121 300 1261 339 potentia

918 346 1025 384 Ipsum
1051 346 1236 385 sublevavit,

917 391 967 422 Ne
990 400 1025 422 se
1048 395 1122 423 tunc
1146 392 1278 425 necavit.

815 447 845 478 3.
871 446 953 477 Dum
978 447 1025 477 sic
1047 447 1110 478 iret
1134 445 1252 478 eiulans

918 493 1067 524 Omnibus
1092 494 1237 532 nudatus,

869 538 953 569 Deus
978 542 1068 570 natos
1094 548 1295 579 congregans,

916 585 997 616 Nam
1019 586 1111 625 lupus
1135 585 1319 617 inclamatus

803 631 840 661 V.
872 631 915 661 Et
937 632 986 663 leo
1010 632 1124 671 linquit
1147 632 1264 663 liberos

915 678 1064 708 Astantes
1090 686 1147 717 per
1171 681 1315 717 pastores

918 723 1016 755 Simul
1042 726 1073 755 et
1096 727 1245 758 aratores.

930 835 975 866 In
1001 837 1032 868 3.
1057 834 1281 868 Nocturno.

1008 907 1201 942 Antiphonae.

813 962 841 995 1.
870 962 1038 1004 Conserva,
1065 964 1161 1002 Deus,
1189 965 1334 995 humilem

914 1009 1007 1040 Hanc
1033 1010 1280 1049 dispositionem,

869 1055 913 1087 Ut
937 1054 1036 1087 facias
1060 1056 1251 1088 laudabilem

916 1101 1057 1133 Tandem
1083 1106 1342 1142 congressionem.

807 1157 838 1187 2.
865 1156 990 1187 Domini
1016 1160 1064 1188 est
1088 1161 1182 1200 terra,

911 1203 969 1240 Qui
993 1207 1098 1235 servat
1123 1213 1195 1235 suos
1221 1204 1353 1238 famulos

871 1249 967 1280 Vivos
991 1251 1059 1281 sine
1082 1259 1195 1291 guerra

921 1296 1007 1326 Inter
1031 1296 1120 1328 binos
1144 1298 1325 1332 tirunculos,

815 1351 845 1382 3.
874 1350 897 1382 O
923 1351 1018 1394 beati,
1045 1361 1174 1391 quorum

917 1398 991 1428 Vita
1015 1398 1061 1429 sic
1085 1399 1248 1439 probatur,

867 1443 909 1475 Ut
935 1447 1037 1476 custos
1064 1445 1116 1475 hic
1139 1454 1284 1485 agrorum

912 1490 1023 1522 Cordis
1048 1500 1122 1530 agro
1147 1496 1301 1527 servatur.

996 1564 1199 1599 Responsoria.

808 1619 838 1651 1.
864 1620 933 1651 Rex
957 1629 1075 1652 memor
1100 1622 1148 1652 sui
1172 1622 1296 1654 Placidi

910 1666 1062 1698 Hostibus
1091 1671 1239 1707 gravatus

864 1713 966 1744 Mittit
988 1723 1070 1756 suos,
1097 1718 1130 1745 ut
1156 1715 1254 1746 validi

904 1760 1069 1800 Quaerant,
1095 1764 1132 1792 ut
1153 1766 1370 1800 perscrutatus

790 1805 827 1839 V.
860 1807 1006 1838 Placidus
1031 1808 1207 1840 adducatur

904 1854 1031 1885 Proelia
1053 1855 1266 1895 pugnandum,

905 1900 1085 1932 Honoribus
1111 1901 1286 1935 ditandum.

801 1957 831 1987 2.
857 1954 926 1987 Duo
953 1956 992 1988 de
1016 1957 1079 1988 suis
1106 1957 1268 1989 Placidum

904 2002 940 2033 In
966 2012 1039 2034 rure
1064 2009 1282 2044 reppererunt,

859 2048 1020 2081 Cicatricis
1044 2059 1102 2090 per
1126 2052 1282 2083 surculum

903 2096 1042 2128 Tandem
1070 2104 1298 2139 cognoverunt3

787 2142 826 2173 V.
856 2142 880 2174 O
906 2142 983 2175 felix
1005 2144 1097 2176 huius
1122 2145 1292 2186 humilitas,

903 2189 985 2221 Dum
1010 2191 1074 2223 suis
1098 2190 1277 2224 famulatur.

904 2236 1060 2269 Christum
1084 2238 1235 2271 imitatur.

803 2292 835 2323 3.
859 2292 883 2324 O
909 2292 1002 2325 beata
1025 2294 1167 2326 reductio

902 2339 1074 2384 Eustachii,
1101 2342 1140 2373 ad
1166 2342 1300 2374 honores
