<?xml version="1.0" encoding="UTF-8"?>
<!DOCTYPE html PUBLIC "-//W3C//DTD XHTML 1.0 Transitional//EN"
    "http://www.w3.org/TR/xhtml1/DTD/xhtml1-transitional.dtd">
<html xmlns="http://www.w3.org/1999/xhtml" xml:lang="en" lang="en">
 <head>
  <title>
</title>
<meta http-equiv="Content-Type" content="text/html;charset=utf-8" />
  <meta name='ocr-system' content='tesseract 3.04.00' />
  <meta name='ocr-capabilities' content='ocr_page ocr_carea ocr_par ocr_line ocrx_word'/>
</head>
<body>
  <div class='ocr_page' id='page_1' title='image "./analectahymnica26drevuoft_00041.png"; bbox 0 0 1650 2542; ppageno 0'>
   <div class='ocr_carea' id='block_1_1' title="bbox 210 315 238 345">
    <p class='ocr_par' dir='ltr' id='par_1_1' title="bbox 210 315 238 345">
     <span class='ocr_line' id='line_1_1' title="bbox 210 315 238 345; baseline 0 0"><span class='ocrx_word' id='word_1_1' title='bbox 210 315 238 345; x_wconf 89' lang='lat'>1.</span> 
     </span>
    </p>
   </div>
   <div class='ocr_carea' id='block_1_2' title="bbox 212 600 231 628">
    <p class='ocr_par' dir='ltr' id='par_1_2' title="bbox 212 600 231 628">
     <span class='ocr_line' id='line_1_2' title="bbox 212 600 231 628; textangle 90"><span class='ocrx_word' id='word_1_2' title='bbox 212 600 231 628; x_wconf 65' lang='grc' dir='ltr'>[ὓ</span> 
     </span>
    </p>
   </div>
   <div class='ocr_carea' id='block_1_3' title="bbox 201 825 239 857">
    <p class='ocr_par' dir='ltr' id='par_1_3' title="bbox 201 825 239 857">
     <span class='ocr_line' id='line_1_3' title="bbox 201 825 239 857; baseline 0.026 -1"><span class='ocrx_word' id='word_1_3' title='bbox 201 825 239 857; x_wconf 90' lang='lat' dir='ltr'>V.</span> 
     </span>
    </p>
   </div>
   <div class='ocr_carea' id='block_1_4' title="bbox 219 928 249 958">
    <p class='ocr_par' dir='ltr' id='par_1_4' title="bbox 219 928 249 958">
     <span class='ocr_line' id='line_1_4' title="bbox 219 928 249 958; baseline -0.033 0"><span class='ocrx_word' id='word_1_4' title='bbox 219 928 249 958; x_wconf 85' lang='lat'>3.</span> 
     </span>
    </p>
   </div>
   <div class='ocr_carea' id='block_1_5' title="bbox 215 2178 253 2209">
    <p class='ocr_par' dir='ltr' id='par_1_5' title="bbox 215 2178 253 2209">
     <span class='ocr_line' id='line_1_5' title="bbox 215 2178 253 2209; baseline 0 0"><span class='ocrx_word' id='word_1_5' title='bbox 215 2178 253 2209; x_wconf 89' lang='lat' dir='ltr'>V.</span> 
     </span>
    </p>
   </div>
   <div class='ocr_carea' id='block_1_6' title="bbox 719 159 949 195">
    <p class='ocr_par' dir='ltr' id='par_1_6' title="bbox 719 159 949 195">
     <span class='ocr_line' id='line_1_6' title="bbox 719 159 949 195; baseline -0.013 -10"><span class='ocrx_word' id='word_1_6' title='bbox 719 159 949 195; x_wconf 62' lang='lat'>—38-</span> 
     </span>
    </p>
   </div>
   <div class='ocr_carea' id='block_1_7' title="bbox 396 256 597 291">
    <p class='ocr_par' dir='ltr' id='par_1_7' title="bbox 396 256 597 291">
     <span class='ocr_line' id='line_1_7' title="bbox 396 256 597 291; baseline -0.01 -8"><span class='ocrx_word' id='word_1_7' title='bbox 396 256 597 291; x_wconf 83' lang='lat' dir='ltr'>Responsoria.</span> 
     </span>
    </p>
   </div>
   <div class='ocr_carea' id='block_1_8' title="bbox 267 312 758 491">
    <p class='ocr_par' dir='ltr' id='par_1_8' title="bbox 267 312 758 491">
     <span class='ocr_line' id='line_1_8' title="bbox 267 312 683 350; baseline -0.007 -6"><span class='ocrx_word' id='word_1_8' title='bbox 267 313 377 344; x_wconf 69' lang='lat' dir='ltr'>Cordis</span> <span class='ocrx_word' id='word_1_9' title='bbox 403 321 439 343; x_wconf 82' lang='lat' dir='ltr'>ac</span> <span class='ocrx_word' id='word_1_10' title='bbox 462 312 546 343; x_wconf 85' lang='lat' dir='ltr'>vocis</span> <span class='ocrx_word' id='word_1_11' title='bbox 570 319 683 350; x_wconf 88' lang='lat' dir='ltr'>organo</span> 
     </span>
     <span class='ocr_line' id='line_1_9' title="bbox 268 356 758 398; baseline -0.01 -8"><span class='ocrx_word' id='word_1_12' title='bbox 268 360 439 398; x_wconf 84' lang='lat' dir='ltr'>Pangamus</span> <span class='ocrx_word' id='word_1_13' title='bbox 468 358 576 389; x_wconf 87' lang='lat' dir='ltr'>laudes</span> <span class='ocrx_word' id='word_1_14' title='bbox 599 356 758 394; x_wconf 88' lang='lat' dir='ltr'>Floriano,</span> 
     </span>
     <span class='ocr_line' id='line_1_10' title="bbox 267 403 687 443; baseline -0.007 -8"><span class='ocrx_word' id='word_1_15' title='bbox 267 405 324 443; x_wconf 69' lang='lat' dir='ltr'>Qui</span> <span class='ocrx_word' id='word_1_16' title='bbox 347 408 379 435; x_wconf 90' lang='lat' dir='ltr'>te</span> <span class='ocrx_word' id='word_1_17' title='bbox 402 405 434 435; x_wconf 90' lang='lat' dir='ltr'>in</span> <span class='ocrx_word' id='word_1_18' title='bbox 459 413 513 435; x_wconf 91' lang='lat' dir='ltr'>suo</span> <span class='ocrx_word' id='word_1_19' title='bbox 539 403 687 442; x_wconf 84' lang='lat' dir='ltr'>sanguine</span> 
     </span>
     <span class='ocr_line' id='line_1_11' title="bbox 270 449 638 491; baseline -0.003 -9"><span class='ocrx_word' id='word_1_20' title='bbox 270 450 472 491; x_wconf 83' lang='lat' dir='ltr'>Glorificavit,</span> <span class='ocrx_word' id='word_1_21' title='bbox 498 449 638 481; x_wconf 84' lang='lat' dir='ltr'>Domine.</span> 
     </span>
    </p>
   </div>
   <div class='ocr_carea' id='block_1_9' title="bbox 229 496 512 535">
    <p class='ocr_par' dir='ltr' id='par_1_9' title="bbox 229 496 512 535">
     <span class='ocr_line' id='line_1_12' title="bbox 229 496 512 535; baseline -0.011 -7"><span class='ocrx_word' id='word_1_22' title='bbox 229 521 235 528; x_wconf 96' lang='lat'><strong>.</strong></span> <span class='ocrx_word' id='word_1_23' title='bbox 268 497 370 535; x_wconf 86' lang='lat' dir='ltr'><strong>Ipsius</strong></span> <span class='ocrx_word' id='word_1_24' title='bbox 395 496 512 527; x_wconf 85' lang='lat' dir='ltr'>meritis</span> 
     </span>
    </p>
   </div>
   <div class='ocr_carea' id='block_1_10' title="bbox 313 538 776 579">
    <p class='ocr_par' dir='ltr' id='par_1_10' title="bbox 313 538 776 579">
     <span class='ocr_line' id='line_1_13' title="bbox 313 538 776 579; baseline -0.006 -6"><span class='ocrx_word' id='word_1_25' title='bbox 313 542 413 579; x_wconf 88' lang='lat' dir='ltr'>nobis,</span> <span class='ocrx_word' id='word_1_26' title='bbox 437 541 530 577; x_wconf 88' lang='lat' dir='ltr'>Deus,</span> <span class='ocrx_word' id='word_1_27' title='bbox 557 548 656 571; x_wconf 77' lang='lat' dir='ltr'>annue</span> <span class='ocrx_word' id='word_1_28' title='bbox 681 538 776 570; x_wconf 82' lang='lat' dir='ltr'>mitis,</span> 
     </span>
    </p>
   </div>
   <div class='ocr_carea' id='block_1_11' title="bbox 236 594 717 635">
    <p class='ocr_par' dir='ltr' id='par_1_11' title="bbox 236 594 717 635">
     <span class='ocr_line' id='line_1_14' title="bbox 236 594 717 635; baseline -0.01 -7"><span class='ocrx_word' id='word_1_29' title='bbox 236 622 242 628; x_wconf 93' lang='lat'><strong>.</strong></span> <span class='ocrx_word' id='word_1_30' title='bbox 270 597 344 628; x_wconf 80' lang='lat' dir='ltr'>Cum</span> <span class='ocrx_word' id='word_1_31' title='bbox 375 595 499 635; x_wconf 77' lang='lat' dir='ltr'>tyranni</span> <span class='ocrx_word' id='word_1_32' title='bbox 525 594 717 626; x_wconf 79' lang='lat' dir='ltr'><strong>deservirent</strong></span> 
     </span>
    </p>
   </div>
   <div class='ocr_carea' id='block_1_12' title="bbox 266 640 809 902">
    <p class='ocr_par' dir='ltr' id='par_1_12' title="bbox 271 640 752 678">
     <span class='ocr_line' id='line_1_15' title="bbox 271 640 752 678; baseline -0.008 -5"><span class='ocrx_word' id='word_1_33' title='bbox 271 642 312 673; x_wconf 87' lang='lat' dir='ltr'>Et</span> <span class='ocrx_word' id='word_1_34' title='bbox 337 642 452 673; x_wconf 80' lang='lat' dir='ltr'>Christi</span> <span class='ocrx_word' id='word_1_35' title='bbox 476 649 581 672; x_wconf 90' lang='lat' dir='ltr'>servos</span> <span class='ocrx_word' id='word_1_36' title='bbox 606 640 752 678; x_wconf 78' lang='lat' dir='ltr'>punirent.</span> 
     </span>
    </p>

    <p class='ocr_par' dir='ltr' id='par_1_13' title="bbox 269 686 673 719">
     <span class='ocr_line' id='line_1_16' title="bbox 269 686 673 719; baseline -0.007 0"><span class='ocrx_word' id='word_1_37' title='bbox 269 688 331 719; x_wconf 90' lang='lat' dir='ltr'>Hic</span> <span class='ocrx_word' id='word_1_38' title='bbox 355 688 402 719; x_wconf 87' lang='lat' dir='ltr'>vir</span> <span class='ocrx_word' id='word_1_39' title='bbox 426 688 525 718; x_wconf 85' lang='lat' dir='ltr'>adivit</span> <span class='ocrx_word' id='word_1_40' title='bbox 548 686 673 717; x_wconf 86' lang='lat' dir='ltr'>inclitus</span> 
     </span>
    </p>

    <p class='ocr_par' dir='ltr' id='par_1_14' title="bbox 269 732 807 810">
     <span class='ocr_line' id='line_1_17' title="bbox 269 732 807 770; baseline -0.007 -5"><span class='ocrx_word' id='word_1_41' title='bbox 269 734 386 765; x_wconf 84' lang='lat' dir='ltr'>Urbem</span> <span class='ocrx_word' id='word_1_42' title='bbox 423 733 606 764; x_wconf 80' lang='lat' dir='ltr'>Lauriacum</span> <span class='ocrx_word' id='word_1_43' title='bbox 643 732 807 770; x_wconf 90' lang='lat' dir='ltr'>imperter-</span> 
     </span>
     <span class='ocr_line' id='line_1_18' title="bbox 580 778 669 810; baseline 0.011 -1"><span class='ocrx_word' id='word_1_44' title='bbox 580 778 669 810; x_wconf 81' lang='lat' dir='ltr'>ritus.</span> 
     </span>
    </p>

    <p class='ocr_par' dir='ltr' id='par_1_15' title="bbox 266 822 809 864">
     <span class='ocr_line' id='line_1_19' title="bbox 266 822 809 864; baseline -0.007 -8"><span class='ocrx_word' id='word_1_45' title='bbox 266 825 346 856; x_wconf 84' lang='lat' dir='ltr'>Nam</span> <span class='ocrx_word' id='word_1_46' title='bbox 376 832 503 864; x_wconf 78' lang='lat' dir='ltr'><strong>praeses</strong></span> <span class='ocrx_word' id='word_1_47' title='bbox 528 824 691 863; x_wconf 85' lang='lat' dir='ltr'>Aquilinus</span> <span class='ocrx_word' id='word_1_48' title='bbox 715 822 809 854; x_wconf 91' lang='lat' dir='ltr'>fidem</span> 
     </span>
    </p>

    <p class='ocr_par' dir='ltr' id='par_1_16' title="bbox 269 869 808 902">
     <span class='ocr_line' id='line_1_20' title="bbox 269 869 808 902; baseline -0.004 0"><span class='ocrx_word' id='word_1_49' title='bbox 269 871 382 902; x_wconf 84' lang='lat' dir='ltr'><strong>Veram</strong></span> <span class='ocrx_word' id='word_1_50' title='bbox 404 870 503 902; x_wconf 83' lang='lat' dir='ltr'>fassos</span> <span class='ocrx_word' id='word_1_51' title='bbox 521 870 668 900; x_wconf 73' lang='lat' dir='ltr'>mactavit</span> <span class='ocrx_word' id='word_1_52' title='bbox 681 869 808 900; x_wconf 87' lang='lat' dir='ltr'>ibidem.</span> 
     </span>
    </p>
   </div>
   <div class='ocr_carea' id='block_1_13' title="bbox 269 925 810 1469">
    <p class='ocr_par' dir='ltr' id='par_1_17' title="bbox 276 925 621 963">
     <span class='ocr_line' id='line_1_21' title="bbox 276 925 621 963; baseline -0.006 -6"><span class='ocrx_word' id='word_1_53' title='bbox 276 925 338 957; x_wconf 86' lang='lat' dir='ltr'>Sub</span> <span class='ocrx_word' id='word_1_54' title='bbox 365 934 401 956; x_wconf 84' lang='lat' dir='ltr'>ea</span> <span class='ocrx_word' id='word_1_55' title='bbox 427 928 621 963; x_wconf 78' lang='lat' dir='ltr'>tempestate,</span> 
     </span>
    </p>

    <p class='ocr_par' dir='ltr' id='par_1_18' title="bbox 269 969 761 1095">
     <span class='ocr_line' id='line_1_22' title="bbox 269 969 711 1010; baseline -0.005 -8"><span class='ocrx_word' id='word_1_56' title='bbox 269 974 353 1010; x_wconf 64' lang='lat' dir='ltr'>Quae</span> <span class='ocrx_word' id='word_1_57' title='bbox 375 971 561 1002; x_wconf 79' lang='lat' dir='ltr'>Diocletiani</span> <span class='ocrx_word' id='word_1_58' title='bbox 586 969 711 1001; x_wconf 85' lang='lat' dir='ltr'>feritate</span> 
     </span>
     <span class='ocr_line' id='line_1_23' title="bbox 271 1016 761 1055; baseline -0.006 -7"><span class='ocrx_word' id='word_1_59' title='bbox 271 1017 384 1049; x_wconf 80' lang='lat' dir='ltr'>Navim</span> <span class='ocrx_word' id='word_1_60' title='bbox 407 1017 555 1047; x_wconf 81' lang='lat' dir='ltr'>ccclesiae</span> <span class='ocrx_word' id='word_1_61' title='bbox 576 1016 761 1055; x_wconf 77' lang='lat' dir='ltr'>exagitabat,</span> 
     </span>
     <span class='ocr_line' id='line_1_24' title="bbox 271 1063 573 1095; baseline -0.007 -1"><span class='ocrx_word' id='word_1_62' title='bbox 271 1064 385 1095; x_wconf 81' lang='lat' dir='ltr'><strong>Beatus</strong></span> <span class='ocrx_word' id='word_1_63' title='bbox 408 1063 573 1094; x_wconf 86' lang='lat' dir='ltr'>Florianus</span> 
     </span>
    </p>

    <p class='ocr_par' dir='ltr' id='par_1_19' title="bbox 269 1107 810 1241">
     <span class='ocr_line' id='line_1_25' title="bbox 272 1107 810 1140; baseline -0.006 0"><span class='ocrx_word' id='word_1_64' title='bbox 272 1109 310 1140; x_wconf 87' lang='lat' dir='ltr'>In</span> <span class='ocrx_word' id='word_1_65' title='bbox 334 1109 442 1140; x_wconf 85' lang='lat' dir='ltr'>habitu</span> <span class='ocrx_word' id='word_1_66' title='bbox 466 1108 594 1139; x_wconf 90' lang='lat' dir='ltr'>militari</span> <span class='ocrx_word' id='word_1_67' title='bbox 618 1107 810 1139; x_wconf 79' lang='lat' dir='ltr'>Christianus</span> 
     </span>
     <span class='ocr_line' id='line_1_26' title="bbox 269 1153 730 1193; baseline -0.007 -7"><span class='ocrx_word' id='word_1_68' title='bbox 269 1155 457 1193; x_wconf 81' lang='lat' dir='ltr'>Exemplum</span> <span class='ocrx_word' id='word_1_69' title='bbox 482 1163 516 1185; x_wconf 86' lang='lat' dir='ltr'>se</span> <span class='ocrx_word' id='word_1_70' title='bbox 540 1153 730 1185; x_wconf 82' lang='lat' dir='ltr'>constantiae</span> 
     </span>
     <span class='ocr_line' id='line_1_27' title="bbox 270 1200 643 1241; baseline -0.008 -9"><span class='ocrx_word' id='word_1_71' title='bbox 270 1201 431 1232; x_wconf 88' lang='lat' dir='ltr'>Fidelibus</span> <span class='ocrx_word' id='word_1_72' title='bbox 454 1200 643 1241; x_wconf 76' lang='lat' dir='ltr'>praestabat,</span> 
     </span>
    </p>

    <p class='ocr_par' dir='ltr' id='par_1_20' title="bbox 270 1246 592 1285">
     <span class='ocr_line' id='line_1_28' title="bbox 270 1246 592 1285; baseline -0.009 -7"><span class='ocrx_word' id='word_1_73' title='bbox 270 1247 352 1278; x_wconf 91' lang='lat' dir='ltr'>Dum</span> <span class='ocrx_word' id='word_1_74' title='bbox 384 1247 424 1278; x_wconf 90' lang='lat' dir='ltr'>ad</span> <span class='ocrx_word' id='word_1_75' title='bbox 448 1246 592 1285; x_wconf 75' lang='lat' dir='ltr'>maityrii</span> 
     </span>
    </p>

    <p class='ocr_par' dir='ltr' id='par_1_21' title="bbox 274 1291 632 1370">
     <span class='ocr_line' id='line_1_29' title="bbox 274 1291 632 1324; baseline -0.006 0"><span class='ocrx_word' id='word_1_76' title='bbox 274 1293 425 1324; x_wconf 72' lang='lat' dir='ltr'>Coronam</span> <span class='ocrx_word' id='word_1_77' title='bbox 454 1291 632 1323; x_wconf 85' lang='lat' dir='ltr'>festinabat.</span> 
     </span>
     <span class='ocr_line' id='line_1_30' title="bbox 275 1337 587 1370; baseline -0.006 0"><span class='ocrx_word' id='word_1_78' title='bbox 275 1339 480 1370; x_wconf 86' lang='lat' dir='ltr'>Inundatione</span> <span class='ocrx_word' id='word_1_79' title='bbox 505 1337 587 1369; x_wconf 83' lang='lat' dir='ltr'>facta</span> 
     </span>
    </p>

    <p class='ocr_par' dir='ltr' id='par_1_22' title="bbox 275 1382 674 1416">
     <span class='ocr_line' id='line_1_31' title="bbox 275 1382 674 1416; baseline -0.005 -1"><span class='ocrx_word' id='word_1_80' title='bbox 275 1385 393 1416; x_wconf 85' lang='lat' dir='ltr'>Illisum</span> <span class='ocrx_word' id='word_1_81' title='bbox 423 1387 469 1414; x_wconf 86' lang='lat' dir='ltr'>est</span> <span class='ocrx_word' id='word_1_82' title='bbox 492 1382 605 1414; x_wconf 80' lang='lat' dir='ltr'>fiumen</span> <span class='ocrx_word' id='word_1_83' title='bbox 628 1383 674 1413; x_wconf 92' lang='lat' dir='ltr'>illi</span> 
     </span>
    </p>

    <p class='ocr_par' dir='ltr' id='par_1_23' title="bbox 276 1430 777 1469">
     <span class='ocr_line' id='line_1_32' title="bbox 276 1430 777 1469; baseline -0.006 -7"><span class='ocrx_word' id='word_1_84' title='bbox 276 1431 319 1462; x_wconf 76' lang='lat' dir='ltr'>Et</span> <span class='ocrx_word' id='word_1_85' title='bbox 341 1439 402 1461; x_wconf 91' lang='lat' dir='ltr'>non</span> <span class='ocrx_word' id='word_1_86' title='bbox 426 1430 528 1469; x_wconf 73' lang='lat' dir='ltr'>potuit</span> <span class='ocrx_word' id='word_1_87' title='bbox 552 1438 620 1460; x_wconf 91' lang='lat' dir='ltr'>eum</span> <span class='ocrx_word' id='word_1_88' title='bbox 643 1437 777 1460; x_wconf 86' lang='lat' dir='ltr'>movere.</span> 
     </span>
    </p>
   </div>
   <div class='ocr_carea' id='block_1_14' title="bbox 334 1549 682 1582">
    <p class='ocr_par' dir='ltr' id='par_1_24' title="bbox 334 1549 682 1582">
     <span class='ocr_line' id='line_1_33' title="bbox 334 1549 682 1582; baseline -0.009 0"><span class='ocrx_word' id='word_1_89' title='bbox 334 1552 378 1582; x_wconf 88' lang='lat' dir='ltr'>In</span> <span class='ocrx_word' id='word_1_90' title='bbox 403 1552 434 1582; x_wconf 78' lang='lat'>2.</span> <span class='ocrx_word' id='word_1_91' title='bbox 460 1549 682 1580; x_wconf 83' lang='lat' dir='ltr'>Nocturno.</span> 
     </span>
    </p>
   </div>
   <div class='ocr_carea' id='block_1_15' title="bbox 426 1622 600 1657">
    <p class='ocr_par' dir='ltr' id='par_1_25' title="bbox 426 1622 600 1657">
     <span class='ocr_line' id='line_1_34' title="bbox 426 1622 600 1657; baseline -0.011 -8"><span class='ocrx_word' id='word_1_92' title='bbox 426 1622 600 1657; x_wconf 81' lang='lat' dir='ltr'>Antiphona.</span> 
     </span>
    </p>
   </div>
   <div class='ocr_carea' id='block_1_16' title="bbox 279 1678 787 1855">
    <p class='ocr_par' dir='ltr' id='par_1_26' title="bbox 279 1678 626 1717">
     <span class='ocr_line' id='line_1_35' title="bbox 279 1678 626 1717; baseline -0.003 -8"><span class='ocrx_word' id='word_1_93' title='bbox 279 1678 443 1717; x_wconf 84' lang='lat' dir='ltr'>Ingerebat</span> <span class='ocrx_word' id='word_1_94' title='bbox 467 1679 626 1709; x_wconf 86' lang='lat' dir='ltr'>ultroneus</span> 
     </span>
    </p>

    <p class='ocr_par' dir='ltr' id='par_1_27' title="bbox 279 1724 690 1763">
     <span class='ocr_line' id='line_1_36' title="bbox 279 1724 690 1763; baseline -0.002 -8"><span class='ocrx_word' id='word_1_95' title='bbox 279 1724 319 1755; x_wconf 90' lang='lat' dir='ltr'>Se</span> <span class='ocrx_word' id='word_1_96' title='bbox 344 1733 466 1763; x_wconf 88' lang='lat' dir='ltr'>pugnae</span> <span class='ocrx_word' id='word_1_97' title='bbox 490 1725 538 1755; x_wconf 89' lang='lat' dir='ltr'>vir</span> <span class='ocrx_word' id='word_1_98' title='bbox 561 1725 690 1754; x_wconf 85' lang='lat' dir='ltr'>idoneus</span> 
     </span>
    </p>

    <p class='ocr_par' dir='ltr' id='par_1_28' title="bbox 279 1769 787 1855">
     <span class='ocr_line' id='line_1_37' title="bbox 279 1769 787 1808; baseline -0.004 -7"><span class='ocrx_word' id='word_1_99' title='bbox 279 1770 346 1801; x_wconf 85' lang='lat' dir='ltr'>Nec</span> <span class='ocrx_word' id='word_1_100' title='bbox 370 1770 488 1801; x_wconf 86' lang='lat' dir='ltr'>hostem</span> <span class='ocrx_word' id='word_1_101' title='bbox 513 1770 628 1801; x_wconf 81' lang='lat' dir='ltr'>Christi</span> <span class='ocrx_word' id='word_1_102' title='bbox 652 1769 787 1808; x_wconf 87' lang='lat' dir='ltr'>tremuit,</span> 
     </span>
     <span class='ocr_line' id='line_1_38' title="bbox 280 1814 662 1855; baseline -0.003 -8"><span class='ocrx_word' id='word_1_103' title='bbox 280 1817 337 1855; x_wconf 66' lang='lat' dir='ltr'>Qui</span> <span class='ocrx_word' id='word_1_104' title='bbox 361 1816 505 1847; x_wconf 85' lang='lat' dir='ltr'>Lauriaei</span> <span class='ocrx_word' id='word_1_105' title='bbox 528 1814 662 1847; x_wconf 82' lang='lat' dir='ltr'>fremuit.</span> 
     </span>
    </p>
   </div>
   <div class='ocr_carea' id='block_1_17' title="bbox 413 1889 614 1924">
    <p class='ocr_par' dir='ltr' id='par_1_29' title="bbox 413 1889 614 1924">
     <span class='ocr_line' id='line_1_39' title="bbox 413 1889 614 1924; baseline 0 -9"><span class='ocrx_word' id='word_1_106' title='bbox 413 1889 614 1924; x_wconf 84' lang='lat' dir='ltr'>Responsoria.</span> 
     </span>
    </p>
   </div>
   <div class='ocr_carea' id='block_1_18' title="bbox 249 1946 622 1984">
    <p class='ocr_par' dir='ltr' id='par_1_30' title="bbox 249 1946 622 1984">
     <span class='ocr_line' id='line_1_40' title="bbox 249 1946 622 1984; baseline -0.005 -6"><span class='ocrx_word' id='word_1_107' title='bbox 249 1971 256 1978; x_wconf 95' lang='lat'><strong>.</strong></span> <span class='ocrx_word' id='word_1_108' title='bbox 282 1946 405 1984; x_wconf 73' lang='lat' dir='ltr'>Martyr</span> <span class='ocrx_word' id='word_1_109' title='bbox 428 1954 484 1976; x_wconf 87' lang='lat' dir='ltr'>ven</span> <span class='ocrx_word' id='word_1_110' title='bbox 489 1954 561 1977; x_wconf 87' lang='lat' dir='ltr'>eran</span> <span class='ocrx_word' id='word_1_111' title='bbox 566 1946 622 1976; x_wconf 91' lang='lat' dir='ltr'>dus</span> 
     </span>
    </p>
   </div>
   <div class='ocr_carea' id='block_1_19' title="bbox 283 1991 820 2308">
    <p class='ocr_par' dir='ltr' id='par_1_31' title="bbox 283 1991 703 2023">
     <span class='ocr_line' id='line_1_41' title="bbox 283 1991 703 2023; baseline -0.002 0"><span class='ocrx_word' id='word_1_112' title='bbox 283 1992 362 2023; x_wconf 87' lang='lat' dir='ltr'>Dum</span> <span class='ocrx_word' id='word_1_113' title='bbox 387 2000 421 2022; x_wconf 91' lang='lat' dir='ltr'>se</span> <span class='ocrx_word' id='word_1_114' title='bbox 447 1991 703 2022; x_wconf 86' lang='lat' dir='ltr'>commilitonibus</span> 
     </span>
    </p>

    <p class='ocr_par' dir='ltr' id='par_1_32' title="bbox 285 2036 737 2076">
     <span class='ocr_line' id='line_1_42' title="bbox 285 2036 737 2076; baseline -0.002 -7"><span class='ocrx_word' id='word_1_115' title='bbox 285 2038 401 2069; x_wconf 84' lang='lat' dir='ltr'>Christi</span> <span class='ocrx_word' id='word_1_116' title='bbox 425 2036 541 2069; x_wconf 82' lang='lat' dir='ltr'>fatetur</span> <span class='ocrx_word' id='word_1_117' title='bbox 566 2038 737 2076; x_wconf 83' lang='lat' dir='ltr'>supplicem</span> 
     </span>
    </p>

    <p class='ocr_par' dir='ltr' id='par_1_33' title="bbox 284 2082 820 2169">
     <span class='ocr_line' id='line_1_43' title="bbox 284 2082 820 2126; baseline 0 -12"><span class='ocrx_word' id='word_1_118' title='bbox 284 2084 360 2115; x_wconf 84' lang='lat' dir='ltr'>Mox</span> <span class='ocrx_word' id='word_1_119' title='bbox 409 2084 531 2115; x_wconf 77' lang='lat' dir='ltr'>ducitur</span> <span class='ocrx_word' id='word_1_120' title='bbox 578 2084 619 2115; x_wconf 90' lang='lat' dir='ltr'>ad</span> <span class='ocrx_word' id='word_1_121' title='bbox 668 2082 820 2126; x_wconf 85' lang='lat' dir='ltr'>(saevum)</span> 
     </span>
     <span class='ocr_line' id='line_1_44' title="bbox 600 2130 744 2169; baseline 0.007 -9"><span class='ocrx_word' id='word_1_122' title='bbox 600 2130 744 2169; x_wconf 88' lang='lat' dir='ltr'>iudicem,</span> 
     </span>
    </p>

    <p class='ocr_par' dir='ltr' id='par_1_34' title="bbox 283 2175 670 2208">
     <span class='ocr_line' id='line_1_45' title="bbox 283 2175 670 2208; baseline -0.003 0"><span class='ocrx_word' id='word_1_123' title='bbox 283 2176 345 2208; x_wconf 88' lang='lat' dir='ltr'>Sed</span> <span class='ocrx_word' id='word_1_124' title='bbox 370 2184 427 2207; x_wconf 81' lang='lat' dir='ltr'>nec</span> <span class='ocrx_word' id='word_1_125' title='bbox 451 2175 670 2207; x_wconf 86' lang='lat' dir='ltr'>blandimentis</span> 
     </span>
    </p>

    <p class='ocr_par' dir='ltr' id='par_1_35' title="bbox 286 2221 670 2262">
     <span class='ocr_line' id='line_1_46' title="bbox 286 2221 670 2262; baseline -0.003 -8"><span class='ocrx_word' id='word_1_126' title='bbox 286 2222 431 2262; x_wconf 82' lang='lat' dir='ltr'>Separari</span> <span class='ocrx_word' id='word_1_127' title='bbox 456 2231 474 2253; x_wconf 83' lang='lat' dir='ltr'>a</span> <span class='ocrx_word' id='word_1_128' title='bbox 497 2225 584 2253; x_wconf 85' lang='lat' dir='ltr'>recta</span> <span class='ocrx_word' id='word_1_129' title='bbox 607 2221 670 2254; x_wconf 89' lang='lat' dir='ltr'>fide</span> 
     </span>
    </p>

    <p class='ocr_par' dir='ltr' id='par_1_36' title="bbox 287 2269 708 2308">
     <span class='ocr_line' id='line_1_47' title="bbox 287 2269 708 2308; baseline 0.002 -8"><span class='ocrx_word' id='word_1_130' title='bbox 287 2269 391 2308; x_wconf 72' lang='lat' dir='ltr'>Quivit</span> <span class='ocrx_word' id='word_1_131' title='bbox 414 2277 514 2307; x_wconf 84' lang='lat' dir='ltr'>neque</span> <span class='ocrx_word' id='word_1_132' title='bbox 538 2270 708 2302; x_wconf 86' lang='lat' dir='ltr'>tormentis.</span> 
     </span>
    </p>
   </div>
   <div class='ocr_carea' id='block_1_20' title="bbox 230 2326 787 2359">
    <p class='ocr_par' dir='ltr' id='par_1_37' title="bbox 230 2326 787 2359">
     <span class='ocr_line' id='line_1_48' title="bbox 230 2326 787 2359; baseline 0.002 -3"><span class='ocrx_word' id='word_1_133' title='bbox 230 2328 261 2359; x_wconf 84' lang='lat'>2.</span> <span class='ocrx_word' id='word_1_134' title='bbox 286 2326 433 2356; x_wconf 88' lang='lat' dir='ltr'>Tortores</span> <span class='ocrx_word' id='word_1_135' title='bbox 457 2327 598 2355; x_wconf 84' lang='lat' dir='ltr'>sanctum</span> <span class='ocrx_word' id='word_1_136' title='bbox 623 2326 787 2358; x_wconf 83' lang='lat' dir='ltr'>verberant</span> 
     </span>
    </p>
   </div>
   <div class='ocr_carea' id='block_1_21' title="bbox 331 2370 649 2411">
    <p class='ocr_par' dir='ltr' id='par_1_38' title="bbox 331 2370 649 2411">
     <span class='ocr_line' id='line_1_49' title="bbox 331 2370 649 2411; baseline 0 -9"><span class='ocrx_word' id='word_1_137' title='bbox 331 2372 385 2403; x_wconf 87' lang='lat' dir='ltr'>Bis</span> <span class='ocrx_word' id='word_1_138' title='bbox 408 2370 505 2411; x_wconf 81' lang='lat' dir='ltr'>flagro</span> <span class='ocrx_word' id='word_1_139' title='bbox 530 2372 649 2403; x_wconf 76' lang='lat' dir='ltr'>crudeli</span> 
     </span>
    </p>
   </div>
   <div class='ocr_carea' id='block_1_22' title="bbox 861 345 899 377">
    <p class='ocr_par' dir='ltr' id='par_1_39' title="bbox 861 345 899 377">
     <span class='ocr_line' id='line_1_50' title="bbox 861 345 899 377; baseline -0.053 0"><span class='ocrx_word' id='word_1_140' title='bbox 861 345 899 377; x_wconf 93' lang='lat' dir='ltr'>V.</span> 
     </span>
    </p>
   </div>
   <div class='ocr_carea' id='block_1_23' title="bbox 876 457 906 487">
    <p class='ocr_par' dir='ltr' id='par_1_40' title="bbox 876 457 906 487">
     <span class='ocr_line' id='line_1_51' title="bbox 876 457 906 487; baseline -0.033 0"><span class='ocrx_word' id='word_1_141' title='bbox 876 457 906 487; x_wconf 85' lang='lat'>3.</span> 
     </span>
    </p>
   </div>
   <div class='ocr_carea' id='block_1_24' title="bbox 866 915 903 947">
    <p class='ocr_par' dir='ltr' id='par_1_41' title="bbox 866 915 903 947">
     <span class='ocr_line' id='line_1_52' title="bbox 866 915 903 947; baseline 0.027 -1"><span class='ocrx_word' id='word_1_142' title='bbox 866 915 903 947; x_wconf 91' lang='lat' dir='ltr'>V.</span> 
     </span>
    </p>
   </div>
   <div class='ocr_carea' id='block_1_25' title="bbox 876 1836 912 1868">
    <p class='ocr_par' dir='ltr' id='par_1_42' title="bbox 876 1836 912 1868">
     <span class='ocr_line' id='line_1_53' title="bbox 876 1836 912 1868; baseline 0.083 -3"><span class='ocrx_word' id='word_1_143' title='bbox 876 1836 912 1868; x_wconf 87' lang='lat' dir='ltr'>V.</span> 
     </span>
    </p>
   </div>
   <div class='ocr_carea' id='block_1_26' title="bbox 931 250 1429 429">
    <p class='ocr_par' dir='ltr' id='par_1_43' title="bbox 931 250 1429 381">
     <span class='ocr_line' id='line_1_54' title="bbox 931 250 1306 290; baseline -0.013 -7"><span class='ocrx_word' id='word_1_144' title='bbox 931 252 972 283; x_wconf 88' lang='lat' dir='ltr'>Et</span> <span class='ocrx_word' id='word_1_145' title='bbox 998 251 1142 290; x_wconf 82' lang='lat' dir='ltr'>scapulas</span> <span class='ocrx_word' id='word_1_146' title='bbox 1166 250 1306 280; x_wconf 87' lang='lat' dir='ltr'>lacerant</span> 
     </span>
     <span class='ocr_line' id='line_1_55' title="bbox 978 293 1368 337; baseline -0.013 -8"><span class='ocrx_word' id='word_1_147' title='bbox 978 297 1111 337; x_wconf 87' lang='lat' dir='ltr'>Ungulis</span> <span class='ocrx_word' id='word_1_148' title='bbox 1138 295 1247 327; x_wconf 89' lang='lat' dir='ltr'>ferreis</span> <span class='ocrx_word' id='word_1_149' title='bbox 1272 293 1368 331; x_wconf 86' lang='lat' dir='ltr'>fideli,</span> 
     </span>
     <span class='ocr_line' id='line_1_56' title="bbox 932 339 1429 381; baseline -0.01 -6"><span class='ocrx_word' id='word_1_150' title='bbox 932 344 1082 375; x_wconf 85' lang='lat' dir='ltr'>Constans</span> <span class='ocrx_word' id='word_1_151' title='bbox 1110 342 1272 381; x_wconf 78' lang='lat' dir='ltr'>suppliciis</span> <span class='ocrx_word' id='word_1_152' title='bbox 1296 341 1346 372; x_wconf 85' lang='lat' dir='ltr'>vir</span> <span class='ocrx_word' id='word_1_153' title='bbox 1368 339 1429 371; x_wconf 89' lang='lat' dir='ltr'>Dei</span> 
     </span>
    </p>

    <p class='ocr_par' dir='ltr' id='par_1_44' title="bbox 934 386 1334 429">
     <span class='ocr_line' id='line_1_57' title="bbox 934 386 1334 429; baseline -0.008 -7"><span class='ocrx_word' id='word_1_154' title='bbox 934 390 1087 429; x_wconf 80' lang='lat' dir='ltr'>Obposuit</span> <span class='ocrx_word' id='word_1_155' title='bbox 1110 389 1227 428; x_wconf 85' lang='lat' dir='ltr'>clipeos</span> <span class='ocrx_word' id='word_1_156' title='bbox 1251 386 1334 419; x_wconf 91' lang='lat' dir='ltr'>fidei.</span> 
     </span>
    </p>
   </div>
   <div class='ocr_carea' id='block_1_27' title="bbox 931 453 1476 998">
    <p class='ocr_par' dir='ltr' id='par_1_45' title="bbox 931 453 1476 998">
     <span class='ocr_line' id='line_1_58' title="bbox 931 453 1254 492; baseline -0.009 -7"><span class='ocrx_word' id='word_1_157' title='bbox 931 454 983 485; x_wconf 85' lang='lat' dir='ltr'>Ad</span> <span class='ocrx_word' id='word_1_158' title='bbox 1008 459 1134 492; x_wconf 86' lang='lat' dir='ltr'>pontem</span> <span class='ocrx_word' id='word_1_159' title='bbox 1158 453 1254 491; x_wconf 80' lang='lat' dir='ltr'>igitur</span> 
     </span>
     <span class='ocr_line' id='line_1_59' title="bbox 977 497 1234 530; baseline -0.008 0"><span class='ocrx_word' id='word_1_160' title='bbox 977 500 1075 530; x_wconf 88' lang='lat' dir='ltr'>Anesi</span> <span class='ocrx_word' id='word_1_161' title='bbox 1098 497 1234 530; x_wconf 90' lang='lat' dir='ltr'>fluminis</span> 
     </span>
     <span class='ocr_line' id='line_1_60' title="bbox 932 545 1227 584; baseline -0.003 -8"><span class='ocrx_word' id='word_1_162' title='bbox 932 547 1020 577; x_wconf 89' lang='lat' dir='ltr'>Iussu</span> <span class='ocrx_word' id='word_1_163' title='bbox 1044 545 1227 584; x_wconf 84' lang='lat' dir='ltr'>perducitur</span> 
     </span>
     <span class='ocr_line' id='line_1_61' title="bbox 978 591 1305 630; baseline -0.006 -8"><span class='ocrx_word' id='word_1_164' title='bbox 978 592 1116 630; x_wconf 86' lang='lat' dir='ltr'>Aquilini</span> <span class='ocrx_word' id='word_1_165' title='bbox 1141 591 1305 630; x_wconf 76' lang='lat' dir='ltr'>praesidis,</span> 
     </span>
     <span class='ocr_line' id='line_1_62' title="bbox 934 636 1298 669; baseline -0.005 0"><span class='ocrx_word' id='word_1_166' title='bbox 934 638 1026 669; x_wconf 86' lang='lat' dir='ltr'>Unde</span> <span class='ocrx_word' id='word_1_167' title='bbox 1050 636 1135 668; x_wconf 85' lang='lat' dir='ltr'>facta</span> <span class='ocrx_word' id='word_1_168' title='bbox 1158 637 1298 668; x_wconf 86' lang='lat' dir='ltr'>oratione</span> 
     </span>
     <span class='ocr_line' id='line_1_63' title="bbox 980 683 1214 725; baseline 0 -12"><span class='ocrx_word' id='word_1_169' title='bbox 980 683 1214 725; x_wconf 82' lang='lat' dir='ltr'>praecipitatur,</span> 
     </span>
     <span class='ocr_line' id='line_1_64' title="bbox 935 729 1295 766; baseline -0.008 -5"><span class='ocrx_word' id='word_1_170' title='bbox 935 730 997 761; x_wconf 88' lang='lat' dir='ltr'>Sed</span> <span class='ocrx_word' id='word_1_171' title='bbox 1028 729 1066 760; x_wconf 84' lang='lat' dir='ltr'>ab</span> <span class='ocrx_word' id='word_1_172' title='bbox 1091 729 1177 760; x_wconf 87' lang='lat' dir='ltr'>unda</span> <span class='ocrx_word' id='word_1_173' title='bbox 1200 736 1295 766; x_wconf 86' lang='lat' dir='ltr'>super</span> 
     </span>
     <span class='ocr_line' id='line_1_65' title="bbox 979 775 1309 814; baseline -0.006 -8"><span class='ocrx_word' id='word_1_174' title='bbox 979 775 1116 814; x_wconf 86' lang='lat' dir='ltr'>lapidem</span> <span class='ocrx_word' id='word_1_175' title='bbox 1130 775 1309 810; x_wconf 86' lang='lat' dir='ltr'>reclinatur,</span> 
     </span>
     <span class='ocr_line' id='line_1_66' title="bbox 933 819 1418 860; baseline -0.012 -6"><span class='ocrx_word' id='word_1_176' title='bbox 933 821 997 854; x_wconf 93' lang='lat' dir='ltr'>Ubi</span> <span class='ocrx_word' id='word_1_177' title='bbox 1021 823 1059 854; x_wconf 89' lang='lat' dir='ltr'>ab</span> <span class='ocrx_word' id='word_1_178' title='bbox 1085 821 1190 860; x_wconf 84' lang='lat' dir='ltr'>aquila</span> <span class='ocrx_word' id='word_1_179' title='bbox 1215 827 1326 858; x_wconf 87' lang='lat' dir='ltr'>corpus</span> <span class='ocrx_word' id='word_1_180' title='bbox 1353 819 1418 849; x_wconf 92' lang='lat' dir='ltr'>eius</span> 
     </span>
     <span class='ocr_line' id='line_1_67' title="bbox 981 868 1383 906; baseline 0 -8"><span class='ocrx_word' id='word_1_181' title='bbox 981 868 1125 906; x_wconf 79' lang='lat' dir='ltr'>expansis</span> <span class='ocrx_word' id='word_1_182' title='bbox 1149 868 1208 898; x_wconf 89' lang='lat' dir='ltr'>alis</span> <span class='ocrx_word' id='word_1_183' title='bbox 1232 870 1383 898; x_wconf 80' lang='lat' dir='ltr'>servatur.</span> 
     </span>
     <span class='ocr_line' id='line_1_68' title="bbox 935 912 1476 953; baseline -0.011 -8"><span class='ocrx_word' id='word_1_184' title='bbox 935 913 1013 945; x_wconf 79' lang='lat' dir='ltr'>Cum</span> <span class='ocrx_word' id='word_1_185' title='bbox 1060 912 1204 945; x_wconf 75' lang='lat' dir='ltr'>ceciderit</span> <span class='ocrx_word' id='word_1_186' title='bbox 1242 913 1362 953; x_wconf 75' lang='lat' dir='ltr'>iustus,</span> <span class='ocrx_word' id='word_1_187' title='bbox 1411 919 1476 941; x_wconf 72' lang='lat' dir='ltr'>ozon</span> 
     </span>
     <span class='ocr_line' id='line_1_69' title="bbox 935 954 1475 998; baseline -0.007 -7"><span class='ocrx_word' id='word_1_188' title='bbox 935 959 1106 998; x_wconf 70' lang='lat' dir='ltr'>collidetur,</span> <span class='ocrx_word' id='word_1_189' title='bbox 1129 959 1207 998; x_wconf 72' lang='lat' dir='ltr'>quia</span> <span class='ocrx_word' id='word_1_190' title='bbox 1223 958 1384 989; x_wconf 70' lang='lat' dir='ltr'>Dominus</span> <span class='ocrx_word' id='word_1_191' title='bbox 1400 954 1475 988; x_wconf 82' lang='lat' dir='ltr'>sub—</span> 
     </span>
    </p>
   </div>
   <div class='ocr_carea' id='block_1_28' title="bbox 930 1007 1314 1045">
    <p class='ocr_par' dir='ltr' id='par_1_46' title="bbox 930 1007 1314 1045">
     <span class='ocr_line' id='line_1_70' title="bbox 930 1007 1314 1045; baseline -0.003 -8"><span class='ocrx_word' id='word_1_192' title='bbox 930 1007 1029 1045; x_wconf 71' lang='lat' dir='ltr'>ponet</span> <span class='ocrx_word' id='word_1_193' title='bbox 1051 1014 1186 1036; x_wconf 73' lang='lat' dir='ltr'>manum</span> <span class='ocrx_word' id='word_1_194' title='bbox 1210 1013 1314 1036; x_wconf 78' lang='lat' dir='ltr'>suam.</span> 
     </span>
    </p>
   </div>
   <div class='ocr_carea' id='block_1_29' title="bbox 997 1124 1350 1156">
    <p class='ocr_par' dir='ltr' id='par_1_47' title="bbox 997 1124 1350 1156">
     <span class='ocr_line' id='line_1_71' title="bbox 997 1124 1350 1156; baseline 0 0"><span class='ocrx_word' id='word_1_195' title='bbox 997 1125 1042 1156; x_wconf 88' lang='lat' dir='ltr'>In</span> <span class='ocrx_word' id='word_1_196' title='bbox 1068 1126 1098 1156; x_wconf 88' lang='lat'>3.</span> <span class='ocrx_word' id='word_1_197' title='bbox 1125 1124 1350 1156; x_wconf 80' lang='lat' dir='ltr'>Nocturno.</span> 
     </span>
    </p>
   </div>
   <div class='ocr_carea' id='block_1_30' title="bbox 1085 1206 1259 1241">
    <p class='ocr_par' dir='ltr' id='par_1_48' title="bbox 1085 1206 1259 1241">
     <span class='ocr_line' id='line_1_72' title="bbox 1085 1206 1259 1241; baseline -0.011 -8"><span class='ocrx_word' id='word_1_198' title='bbox 1085 1206 1259 1241; x_wconf 79' lang='lat' dir='ltr'>Antiphona.</span> 
     </span>
    </p>
   </div>
   <div class='ocr_carea' id='block_1_31' title="bbox 935 1271 1402 1450">
    <p class='ocr_par' dir='ltr' id='par_1_49' title="bbox 935 1271 1402 1450">
     <span class='ocr_line' id='line_1_73' title="bbox 935 1271 1354 1304; baseline -0.007 0"><span class='ocrx_word' id='word_1_199' title='bbox 935 1273 1053 1304; x_wconf 87' lang='lat' dir='ltr'>Studiis</span> <span class='ocrx_word' id='word_1_200' title='bbox 1079 1273 1151 1303; x_wconf 92' lang='lat' dir='ltr'>dum</span> <span class='ocrx_word' id='word_1_201' title='bbox 1176 1271 1354 1302; x_wconf 85' lang='lat' dir='ltr'>crudelibus</span> 
     </span>
     <span class='ocr_line' id='line_1_74' title="bbox 937 1318 1332 1356; baseline -0.005 -6"><span class='ocrx_word' id='word_1_202' title='bbox 937 1319 1086 1351; x_wconf 82' lang='lat' dir='ltr'>Caeditur</span> <span class='ocrx_word' id='word_1_203' title='bbox 1110 1328 1129 1349; x_wconf 90' lang='lat' dir='ltr'>a</span> <span class='ocrx_word' id='word_1_204' title='bbox 1152 1318 1332 1356; x_wconf 86' lang='lat' dir='ltr'>tortoribus,</span> 
     </span>
     <span class='ocr_line' id='line_1_75' title="bbox 939 1364 1363 1403; baseline -0.005 -7"><span class='ocrx_word' id='word_1_205' title='bbox 939 1364 1064 1396; x_wconf 85' lang='lat' dir='ltr'>Gaudet,</span> <span class='ocrx_word' id='word_1_206' title='bbox 1085 1365 1166 1396; x_wconf 84' lang='lat' dir='ltr'>sicut,</span> <span class='ocrx_word' id='word_1_207' title='bbox 1190 1364 1230 1395; x_wconf 91' lang='lat' dir='ltr'>ad</span> <span class='ocrx_word' id='word_1_208' title='bbox 1256 1364 1363 1403; x_wconf 85' lang='lat' dir='ltr'>epulas</span> 
     </span>
     <span class='ocr_line' id='line_1_76' title="bbox 936 1410 1402 1450; baseline 0.002 -8"><span class='ocrx_word' id='word_1_209' title='bbox 936 1411 1035 1442; x_wconf 85' lang='lat' dir='ltr'>Ferro</span> <span class='ocrx_word' id='word_1_210' title='bbox 1061 1410 1224 1450; x_wconf 81' lang='lat' dir='ltr'>frangente</span> <span class='ocrx_word' id='word_1_211' title='bbox 1247 1411 1402 1449; x_wconf 80' lang='lat' dir='ltr'>scapulas.</span> 
     </span>
    </p>
   </div>
   <div class='ocr_carea' id='block_1_32' title="bbox 1074 1502 1277 1537">
    <p class='ocr_par' dir='ltr' id='par_1_50' title="bbox 1074 1502 1277 1537">
     <span class='ocr_line' id='line_1_77' title="bbox 1074 1502 1277 1537; baseline -0.005 -8"><span class='ocrx_word' id='word_1_212' title='bbox 1074 1502 1277 1537; x_wconf 84' lang='lat' dir='ltr'>Responsoria.</span> 
     </span>
    </p>
   </div>
   <div class='ocr_carea' id='block_1_33' title="bbox 907 1557 1408 1598">
    <p class='ocr_par' dir='ltr' id='par_1_51' title="bbox 907 1557 1408 1598">
     <span class='ocr_line' id='line_1_78' title="bbox 907 1557 1408 1598; baseline -0.006 -6"><span class='ocrx_word' id='word_1_213' title='bbox 907 1585 913 1592; x_wconf 97' lang='lat'><strong>.</strong></span> <span class='ocrx_word' id='word_1_214' title='bbox 945 1559 1022 1589; x_wconf 80' lang='lat' dir='ltr'>Vere</span> <span class='ocrx_word' id='word_1_215' title='bbox 1046 1557 1212 1589; x_wconf 86' lang='lat' dir='ltr'>fecundum</span> <span class='ocrx_word' id='word_1_216' title='bbox 1235 1559 1408 1598; x_wconf 81' lang='lat' dir='ltr'>palmitem,</span> 
     </span>
    </p>
   </div>
   <div class='ocr_carea' id='block_1_34' title="bbox 939 1605 1486 1967">
    <p class='ocr_par' dir='ltr' id='par_1_52' title="bbox 939 1605 1483 1828">
     <span class='ocr_line' id='line_1_79' title="bbox 939 1605 1483 1645; baseline 0 -10"><span class='ocrx_word' id='word_1_217' title='bbox 939 1605 996 1643; x_wconf 82' lang='lat' dir='ltr'>Qui</span> <span class='ocrx_word' id='word_1_218' title='bbox 1012 1613 1069 1644; x_wconf 83' lang='lat' dir='ltr'>per</span> <span class='ocrx_word' id='word_1_219' title='bbox 1079 1605 1246 1642; x_wconf 77' lang='lat' dir='ltr'>Christum,</span> <span class='ocrx_word' id='word_1_220' title='bbox 1261 1613 1366 1636; x_wconf 85' lang='lat' dir='ltr'>veram</span> <span class='ocrx_word' id='word_1_221' title='bbox 1377 1606 1483 1645; x_wconf 85' lang='lat' dir='ltr'>vitem,</span> 
     </span>
     <span class='ocr_line' id='line_1_80' title="bbox 942 1649 1428 1682; baseline -0.002 0"><span class='ocrx_word' id='word_1_222' title='bbox 942 1651 982 1682; x_wconf 86' lang='lat' dir='ltr'>Se</span> <span class='ocrx_word' id='word_1_223' title='bbox 1005 1651 1115 1681; x_wconf 87' lang='lat' dir='ltr'>tulisse</span> <span class='ocrx_word' id='word_1_224' title='bbox 1137 1649 1273 1682; x_wconf 84' lang='lat' dir='ltr'>fructum</span> <span class='ocrx_word' id='word_1_225' title='bbox 1298 1652 1428 1682; x_wconf 90' lang='lat' dir='ltr'>multum</span> 
     </span>
     <span class='ocr_line' id='line_1_81' title="bbox 942 1697 1397 1736; baseline 0.002 -9"><span class='ocrx_word' id='word_1_226' title='bbox 942 1697 1117 1735; x_wconf 84' lang='lat' dir='ltr'>Revelavit,</span> <span class='ocrx_word' id='word_1_227' title='bbox 1144 1697 1217 1728; x_wconf 88' lang='lat' dir='ltr'>dum</span> <span class='ocrx_word' id='word_1_228' title='bbox 1241 1698 1397 1736; x_wconf 88' lang='lat' dir='ltr'>sepultum</span> 
     </span>
     <span class='ocr_line' id='line_1_82' title="bbox 944 1743 1429 1775; baseline 0.004 -2"><span class='ocrx_word' id='word_1_229' title='bbox 944 1743 1117 1774; x_wconf 87' lang='lat' dir='ltr'>Iumentum</span> <span class='ocrx_word' id='word_1_230' title='bbox 1143 1747 1269 1775; x_wconf 88' lang='lat' dir='ltr'>vectans</span> <span class='ocrx_word' id='word_1_231' title='bbox 1294 1744 1429 1775; x_wconf 87' lang='lat' dir='ltr'>lassatur</span> 
     </span>
     <span class='ocr_line' id='line_1_83' title="bbox 943 1788 1357 1828; baseline 0.002 -8"><span class='ocrx_word' id='word_1_232' title='bbox 943 1789 986 1820; x_wconf 87' lang='lat' dir='ltr'>Et</span> <span class='ocrx_word' id='word_1_233' title='bbox 1007 1798 1086 1820; x_wconf 89' lang='lat' dir='ltr'>novo</span> <span class='ocrx_word' id='word_1_234' title='bbox 1111 1788 1198 1820; x_wconf 88' lang='lat' dir='ltr'>fonte</span> <span class='ocrx_word' id='word_1_235' title='bbox 1220 1793 1357 1828; x_wconf 83' lang='lat' dir='ltr'>potatur.</span> 
     </span>
    </p>

    <p class='ocr_par' dir='ltr' id='par_1_53' title="bbox 941 1834 1486 1967">
     <span class='ocr_line' id='line_1_84' title="bbox 941 1834 1486 1868; baseline 0.004 -2"><span class='ocrx_word' id='word_1_236' title='bbox 941 1835 978 1866; x_wconf 85' lang='lat' dir='ltr'>In</span> <span class='ocrx_word' id='word_1_237' title='bbox 995 1835 1127 1866; x_wconf 89' lang='lat' dir='ltr'>Domino</span> <span class='ocrx_word' id='word_1_238' title='bbox 1152 1836 1210 1867; x_wconf 87' lang='lat' dir='ltr'>hoc</span> <span class='ocrx_word' id='word_1_239' title='bbox 1235 1834 1352 1867; x_wconf 79' lang='lat' dir='ltr'>fac-lum</span> <span class='ocrx_word' id='word_1_240' title='bbox 1379 1838 1486 1868; x_wconf 83' lang='lat' dir='ltr'>claret.</span> 
     </span>
     <span class='ocr_line' id='line_1_85' title="bbox 945 1882 1360 1921; baseline 0.005 -8"><span class='ocrx_word' id='word_1_241' title='bbox 945 1882 1026 1913; x_wconf 85' lang='lat' dir='ltr'>Dum</span> <span class='ocrx_word' id='word_1_242' title='bbox 1050 1882 1091 1913; x_wconf 92' lang='lat' dir='ltr'>ad</span> <span class='ocrx_word' id='word_1_243' title='bbox 1115 1882 1194 1913; x_wconf 87' lang='lat' dir='ltr'>haec</span> <span class='ocrx_word' id='word_1_244' title='bbox 1216 1885 1360 1921; x_wconf 83' lang='lat' dir='ltr'>tempora</span> 
     </span>
     <span class='ocr_line' id='line_1_86' title="bbox 943 1929 1357 1967; baseline 0.005 -8"><span class='ocrx_word' id='word_1_245' title='bbox 943 1929 1077 1959; x_wconf 83' lang='lat' dir='ltr'>Manans</span> <span class='ocrx_word' id='word_1_246' title='bbox 1101 1938 1257 1967; x_wconf 88' lang='lat' dir='ltr'>nunquam</span> <span class='ocrx_word' id='word_1_247' title='bbox 1279 1932 1357 1962; x_wconf 83' lang='lat' dir='ltr'>aret.</span> 
     </span>
    </p>
   </div>
   <div class='ocr_carea' id='block_1_35' title="bbox 912 1992 1252 2031">
    <p class='ocr_par' dir='ltr' id='par_1_54' title="bbox 912 1992 1252 2031">
     <span class='ocr_line' id='line_1_87' title="bbox 912 1992 1252 2031; baseline -0.006 -6"><span class='ocrx_word' id='word_1_248' title='bbox 912 2019 919 2025; x_wconf 96' lang='lat'><strong>.</strong></span> <span class='ocrx_word' id='word_1_249' title='bbox 943 1992 984 2023; x_wconf 87' lang='lat' dir='ltr'>Se</span> <span class='ocrx_word' id='word_1_250' title='bbox 1011 1993 1083 2031; x_wconf 85' lang='lat' dir='ltr'>quia</span> <span class='ocrx_word' id='word_1_251' title='bbox 1107 1994 1252 2024; x_wconf 85' lang='lat' dir='ltr'>Valeriae</span> 
     </span>
    </p>
   </div>
   <div class='ocr_carea' id='block_1_36' title="bbox 992 2041 1488 2079">
    <p class='ocr_par' dir='ltr' id='par_1_55' title="bbox 992 2041 1488 2079">
     <span class='ocr_line' id='line_1_88' title="bbox 992 2041 1488 2079; baseline 0.006 -10"><span class='ocrx_word' id='word_1_252' title='bbox 992 2041 1183 2071; x_wconf 81' lang='lat' dir='ltr'>monstrarat</span> <span class='ocrx_word' id='word_1_253' title='bbox 1214 2043 1336 2079; x_wconf 87' lang='lat' dir='ltr'>martyr</span> <span class='ocrx_word' id='word_1_254' title='bbox 1359 2041 1488 2072; x_wconf 82' lang='lat' dir='ltr'>human-</span> 
     </span>
    </p>
   </div>
   <div class='ocr_carea' id='block_1_37' title="bbox 949 2087 1470 2305">
    <p class='ocr_par' dir='ltr' id='par_1_56' title="bbox 949 2087 1470 2305">
     <span class='ocr_line' id='line_1_89' title="bbox 1266 2087 1350 2126; baseline 0 -9"><span class='ocrx_word' id='word_1_255' title='bbox 1266 2087 1350 2126; x_wconf 89' lang='lat' dir='ltr'>dum,</span> 
     </span>
     <span class='ocr_line' id='line_1_90' title="bbox 949 2130 1322 2169; baseline 0.008 -8"><span class='ocrx_word' id='word_1_256' title='bbox 949 2130 1110 2169; x_wconf 87' lang='lat' dir='ltr'>Conditur,</span> <span class='ocrx_word' id='word_1_257' title='bbox 1134 2131 1217 2162; x_wconf 88' lang='lat' dir='ltr'>hunc</span> <span class='ocrx_word' id='word_1_258' title='bbox 1242 2133 1322 2163; x_wconf 91' lang='lat' dir='ltr'>diem</span> 
     </span>
     <span class='ocr_line' id='line_1_91' title="bbox 995 2177 1470 2221; baseline 0.008 -14"><span class='ocrx_word' id='word_1_259' title='bbox 995 2177 1125 2208; x_wconf 87' lang='lat' dir='ltr'>virtutes</span> <span class='ocrx_word' id='word_1_260' title='bbox 1151 2179 1225 2209; x_wconf 87' lang='lat' dir='ltr'>dant</span> <span class='ocrx_word' id='word_1_261' title='bbox 1248 2180 1470 2221; x_wconf 84' lang='lat' dir='ltr'>venerandum,</span> 
     </span>
     <span class='ocr_line' id='line_1_92' title="bbox 951 2222 1245 2262; baseline 0 -7"><span class='ocrx_word' id='word_1_262' title='bbox 951 2222 1068 2255; x_wconf 87' lang='lat' dir='ltr'>Infirmi</span> <span class='ocrx_word' id='word_1_263' title='bbox 1093 2224 1245 2262; x_wconf 88' lang='lat' dir='ltr'>siquidem</span> 
     </span>
     <span class='ocr_line' id='line_1_93' title="bbox 997 2270 1398 2305; baseline 0.01 -5"><span class='ocrx_word' id='word_1_264' title='bbox 997 2270 1076 2300; x_wconf 81' lang='lat' dir='ltr'>varii</span> <span class='ocrx_word' id='word_1_265' title='bbox 1098 2275 1246 2302; x_wconf 81' lang='lat' dir='ltr'>curantur</span> <span class='ocrx_word' id='word_1_266' title='bbox 1268 2272 1398 2305; x_wconf 85' lang='lat' dir='ltr'>ibidem.</span> 
     </span>
    </p>
   </div>
   <div class='ocr_carea' id='block_1_38' title="bbox 920 2325 1371 2369">
    <p class='ocr_par' dir='ltr' id='par_1_57' title="bbox 920 2325 1371 2369">
     <span class='ocr_line' id='line_1_94' title="bbox 920 2325 1371 2369; baseline 0.004 -12"><span class='ocrx_word' id='word_1_267' title='bbox 920 2352 926 2357; x_wconf 94' lang='lat'><strong>.</strong></span> <span class='ocrx_word' id='word_1_268' title='bbox 953 2325 1049 2356; x_wconf 79' lang='lat' dir='ltr'>Beate</span> <span class='ocrx_word' id='word_1_269' title='bbox 1071 2328 1192 2365; x_wconf 77' lang='lat' dir='ltr'>martyr</span> <span class='ocrx_word' id='word_1_270' title='bbox 1214 2327 1371 2369; x_wconf 84' lang='lat' dir='ltr'>Floriane,</span> 
     </span>
    </p>
   </div>
   <div class='ocr_carea' id='block_1_39' title="bbox 951 2372 1492 2413">
    <p class='ocr_par' dir='ltr' id='par_1_58' title="bbox 951 2372 1492 2413">
     <span class='ocr_line' id='line_1_95' title="bbox 951 2372 1492 2413; baseline 0.007 -11"><span class='ocrx_word' id='word_1_271' title='bbox 951 2372 1116 2403; x_wconf 89' lang='lat' dir='ltr'>Dominum</span> <span class='ocrx_word' id='word_1_272' title='bbox 1133 2382 1190 2411; x_wconf 87' lang='lat' dir='ltr'>pro</span> <span class='ocrx_word' id='word_1_273' title='bbox 1206 2374 1296 2405; x_wconf 91' lang='lat' dir='ltr'>nobis</span> <span class='ocrx_word' id='word_1_274' title='bbox 1313 2375 1492 2413; x_wconf 80' lang='lat' dir='ltr'>deprecare,</span> 
     </span>
    </p>
   </div>
  </div>
 </body>
</html>
