1650 2542
744 126 994 161 —162—

303 223 454 255 Iohannes
477 222 626 254 invidiam

346 271 472 300 mortem
480 269 597 308 patitur
603 275 722 307 quoque
729 266 837 297 diram.

273 358 279 366 .
307 333 530 365 Concelebrant
552 333 702 371 synodum

349 380 520 419 praesides,
545 379 600 409 sed
623 378 727 416 inique
745 377 838 415 ‹lepo-

618 426 695 454 nunt
720 441 723 444 -

305 471 451 502 Exsulem
476 471 737 509 chrysostomum,

352 516 559 555 proscriptum
571 516 662 554 longe
673 517 837 553 reponunt.

272 605 276 611 .
304 580 409 611 Scelus
432 580 597 610 idolatriae

345 626 470 664 praesul
494 625 669 664 spernendo
695 625 820 663 reginae

301 670 445 711 Effigiem
469 672 627 710 reprobat,

347 718 402 749 sed
425 718 502 749 iram
519 717 634 757 regiam
653 716 837 748 concitabat.

429 818 629 852 Responsoria.

270 917 277 924 .
304 892 468 924 Celebrant
493 892 655 923 concilium

303 938 467 970 Praesules
493 941 524 968 et
546 938 686 969 exsilium

346 984 522 1023 praeelegit
543 984 592 1014 vir
616 984 736 1023 beatus,

301 1029 363 1061 Sed
384 1038 441 1068 per
465 1030 610 1068 populum
638 1030 781 1061 devotum

302 1076 347 1106 Ob
377 1076 436 1106 hoo
459 1075 584 1106 nimium
610 1079 792 1107 commotum

345 1122 398 1152 Ad
422 1122 528 1152 sedem
553 1124 600 1151 est
623 1124 802 1164 revocatus3

262 1193 269 1199 .
299 1167 396 1199 Urbis
421 1170 505 1197 terra
528 1170 612 1198 mota

348 1212 384 1243 fit
407 1213 512 1251 iniqua
537 1213 692 1244 damnatio
717 1216 800 1244 nota..

268 1300 275 1307 .
303 1276 414 1307 Curam
444 1285 536 1316 agens
561 1279 668 1316 pastor
692 1276 793 1316 gregis

300 1322 437 1354 Uxorem
461 1322 588 1353 offendit
612 1322 693 1361 regis

348 1368 464 1399 Novam
492 1369 585 1399 edens
610 1368 777 1408 homiliam,

301 1414 418 1444 Rursus
442 1414 519 1445 vicit
541 1414 707 1452 Herodias,

303 1459 348 1491 Ob
374 1460 432 1490 hoo
454 1468 564 1498 passus
588 1460 717 1491 insidias

349 1506 502 1537 Clientum
528 1509 559 1536 et
583 1507 807 1545 contumeliam,

263 1576 270 1582 .
301 1551 362 1582 Sed
387 1551 472 1582 Deus
495 1555 652 1590 pastorem

347 1596 489 1628 defendit
511 1606 569 1636 per
591 1597 781 1631 inferiorem.

270 1687 276 1692 .
302 1661 343 1692 Os
368 1670 442 1692 auro
469 1662 612 1693 derivans

346 1715 458 1738 aurora
481 1708 592 1746 dogma
614 1708 795 1749 propinans,

300 1752 433 1791 Egregie
459 1753 575 1791 doctor,

346 1798 569 1836 scripturarum
589 1797 745 1830 mellifluis
766 1808 837 1830 auc-

615 1848 674 1884 tor,

298 1890 461 1930 Iohannes,
484 1891 609 1930 olerum,

344 1936 467 1974 plebem
491 1940 679 1977 protegeque
697 1947 837 1969 severum

298 1982 436 2013 Iudicem
460 1983 493 2013 in
518 1984 611 2015 caelis

345 2028 489 2065 precibus
514 2030 605 2067 placa
625 2033 659 2060 tu
676 2038 748 2061 vere
765 2031 835 2073 tuis,

260 2098 267 2104 .
301 2073 342 2105 Ut
364 2074 458 2104 donet
480 2075 600 2106 miseris
652 2076 658 2082 ’

344 2122 471 2150 aeterna
494 2121 607 2159 gaudia
629 2121 728 2163 nobis,

298 2165 355 2203 Qui
379 2168 432 2197 tua
455 2170 558 2197 mente
580 2176 660 2207 pura

346 2212 505 2243 celebrant
527 2213 687 2244 sollemnia
709 2215 798 2247 mira.

908 339 938 370 1.

908 1115 926 1145 ω’(

893 1895 933 1925 A.

1056 218 1100 250 In
1124 216 1352 250 Laudibus.

1108 291 1297 326 Antiphonae.

965 338 1119 370 Iohannes
1143 339 1175 369 in
1201 338 1342 369 exsilium

1010 384 1118 416 Denuo
1140 385 1306 424 relegatur,

966 430 1030 463 Ubi
1055 431 1146 463 Ponti
1170 430 1335 462 confinium

1012 477 1204 516 Imperiique
1227 479 1365 515 putatur.

932 557 939 564 .
967 532 1029 564 Ubi
1056 541 1167 571 corpus
1194 532 1373 571 castigando

1011 578 1161 617 Spiritum
1185 578 1317 618 subegit,

965 624 1054 656 Nova
1077 625 1217 656 scribens
1241 622 1423 655 meditando

1011 671 1177 701 Volumina
1198 671 1310 710 exegit.

932 751 938 757 .
963 725 1095 757 Demum
1121 726 1212 757 datus
1238 723 1384 756 dedecori

1010 772 1135 803 Evertit
1160 771 1330 802 aerimenta

965 818 1096 850 Praesul
1120 826 1252 858 poenam
1275 817 1441 855 iniungens
1461 815 1509 846 ori

1010 866 1118 896 Aurea
1142 863 1328 902 conscripsit
1345 863 1506 893 elementa.

965 919 1128 951 Vehuntur
1153 919 1306 949 cruciatus

1010 965 1072 996 Hic
1096 965 1207 1004 capitis
1234 965 1350 1007 dolore,

963 1012 1104 1042 Tandem
1129 1012 1215 1043 caelo
1239 1011 1424 1043 sublimatus

1010 1057 1072 1089 Est
1095 1057 1227 1088 maximo
1254 1057 1375 1088 decore.

932 1137 937 1143 .
966 1112 1064 1143 Caeco
1090 1113 1172 1143 visus
1197 1112 1388 1153 conceditur,

1010 1158 1166 1197 Leprosus
1189 1159 1368 1197 mundatur,

966 1205 1119 1236 Iohannes
1145 1204 1268 1236 Christo
1293 1205 1443 1245 iungitur,

1009 1250 1046 1281 In
1071 1251 1156 1281 caelo
1179 1250 1338 1282 iubilatur.

1082 1313 1126 1340 Ad
1145 1313 1324 1340 Benedictus.

967 1361 1067 1400 Plaga
1090 1368 1199 1391 recens
1222 1360 1372 1402 incubuit,

966 1406 1025 1438 Dei
1049 1407 1129 1437 iram
1154 1407 1275 1438 erubuit

1013 1453 1297 1492 Constantinopolis
1322 1453 1396 1494 alta,

966 1499 1063 1530 Luxit
1086 1499 1205 1538 aether,
1230 1508 1302 1530 nam
1329 1499 1491 1530 doctorum

963 1546 1067 1584 Auget
1091 1545 1177 1576 sidus
1202 1554 1285 1576 nuno
1308 1548 1476 1582 oratorum,

1010 1591 1074 1623 Ubi
1098 1595 1226 1622 aeterna
1249 1592 1361 1622 merita

964 1636 1151 1668 Beatificant
1174 1638 1282 1676 requie

966 1683 1135 1713 Iohannem
1161 1683 1321 1716 solamine.

1029 1774 1074 1805 In
1100 1776 1130 1809 2.
1156 1775 1373 1814 Vesperis.

1079 1848 1124 1874 Ad
1143 1848 1321 1884 Magnificat.

962 1895 1138 1926 Advehitur
1162 1895 1261 1927 bonus
1288 1896 1383 1927 caelis

1010 1941 1128 1972 Doctor
1153 1942 1269 1973 electus
1293 1941 1428 1985 flamine,

963 1986 1087 2018 Gaudet
1109 1988 1228 2019 honore
1250 1988 1400 2020 Iohannis

1011 2034 1225 2073 Chrysostomi
1250 2034 1430 2065 laudamine

962 2079 1076 2118 Mater,
1101 2080 1189 2111 novis
1213 2080 1371 2118 opusculis

964 2125 1112 2156 Praedita
1136 2126 1377 2164 quaestiunculis

962 2171 1133 2202 Redimivit
1158 2173 1222 2203 suis
1248 2176 1280 2203 te
1304 2173 1511 2205 voluminibus

964 2217 1094 2258 Christe,
1120 2218 1303 2256 hymnorum
1327 2221 1509 2252 zematibus.

304 2266 385 2293 Brev.
405 2275 457 2293 ms.
472 2265 607 2294 Guriense
618 2266 653 2301 (t)
665 2277 738 2296 saec.
755 2267 796 2296 15.
830 2270 899 2297 Cod.
912 2271 996 2298 Areh.
1011 2271 1176 2306 Sangallen.
1192 2273 1215 2299 F
1216 2274 1344 2301 abarien.
1359 2275 1409 2302 IX.
1424 2277 1512 2303 ——In

232 2301 368 2337 1.Vesp.
387 2304 528 2339 adMagn.
543 2304 570 2337 Α,
586 2304 602 2330 ’7
622 2305 744 2341 fulgans.
758 2322 794 2326 —
811 2308 853 2334 In
873 2306 898 2334 2.
912 2309 1013 2335 Noet.
1033 2306 1053 2334 R
1074 2308 1098 2343 2,
1113 2308 1132 2336 4
1151 2318 1229 2337 eane.
1250 2326 1286 2329 —
1306 2312 1348 2338 In
1367 2310 1393 2339 3.
1408 2313 1512 2340 Noct.

233 2339 251 2363 Η
266 2338 291 2372 2,
306 2338 325 2366 4
339 2340 446 2367 Cursus
457 2342 539 2367 vixit.
550 2356 588 2360 —
602 2339 621 2367 R
639 2340 665 2376 3,
679 2341 696 2369 2
710 2343 852 2378 dogmata.
862 2359 898 2363 -—
911 2346 949 2372 In
962 2346 1061 2372 Laud.
1074 2346 1092 2371 Α
1102 2344 1128 2379 4,
1142 2345 1155 2373 1
1170 2347 1238 2375 Lies
1249 2349 1469 2377 Provehuntur?
1478 2367 1511 2370 —

247 2377 285 2404 In
306 2375 331 2404 2.
345 2378 445 2414 Vesp.
464 2377 509 2405 Ad
527 2378 622 2414 Magn.
643 2377 675 2414 Α,
695 2379 712 2407 7
730 2381 884 2409 Βεᾶᾶῃιιιίῒ.
