1650 2542
745 124 1001 159 —272—-

265 245 273 253 .
303 219 416 257 Sicque
440 218 598 257 praelatus
623 217 714 248 altius

301 265 493 296 Humilitatis
518 264 638 295 actibus

348 310 418 342 Non
443 313 544 342 cessat
566 309 759 349 praedicare.

364 450 464 480 1113.
491 447 715 478 Nocturno.

439 538 628 574 Antiphonae.

269 638 276 645 .
302 614 479 646 Ludovicus
505 617 552 644 est
574 614 731 652 ingressus

348 659 433 691 Caeli
457 659 666 698 tabernacula,

347 706 481 737 Servans
506 707 572 737 sine
597 705 717 736 macula

302 751 431 791 Semper
454 752 537 783 vitae
561 760 635 782 suae
658 759 790 790 gressus,

266 833 273 840 .
299 806 490 838 Benedicens
514 806 714 846 praevenisti,

346 852 484 893 Domine,
511 862 578 883 cum
603 853 762 893 praevium

346 898 455 930 Gordis
480 900 666 930 desiderium

302 944 414 975 Sancto
439 948 491 976 tuo
516 945 662 976 tribuisti.

266 1024 272 1031 .
299 999 404 1038 Longe
427 998 462 1030 fit
485 1000 523 1031 ab
548 1001 631 1031 omni
654 1001 747 1031 sorde

344 1046 441 1077 Deum
466 1047 624 1084 generatio

344 1091 443 1122 Tanto
467 1100 616 1130 quaerens
639 1092 754 1130 studio,

302 1137 454 1169 Innocens
480 1140 510 1168 et
533 1138 647 1169 mundo
673 1139 775 1169 corde.

436 1228 639 1263 Responsoria.

265 1327 272 1334 .
297 1302 434 1341 Leproso
457 1304 588 1343 praebet
611 1304 717 1335 oscula

298 1348 388 1380 Nova
410 1350 523 1389 regalis
547 1350 697 1388 plantula,

347 1395 468 1426 Cultrix
492 1396 686 1434 humilitatis,

297 1440 359 1471 Dat
385 1445 415 1472 et
438 1444 581 1481 prompte
605 1441 799 1481 subveniens,

298 1486 490 1525 Pauperibus
516 1489 704 1528 compatiens

344 1534 488 1564 Minister
511 1535 645 1574 pietatis,

258 1600 265 1608 .
295 1578 338 1609 Et
360 1580 521 1611 mulierum
547 1581 677 1611 verbula

298 1624 391 1655 Velut
413 1634 563 1657 venenum
587 1626 708 1665 fugiens

343 1671 453 1703 Custos
477 1673 673 1711 virginitatis

264 1749 271 1757 .
298 1725 404 1757 Gradu
428 1726 552 1759 functus
577 1728 755 1761 authentico

343 1772 478 1812 Imperio
502 1775 609 1813 papali

295 1819 378 1849 Actu
402 1819 485 1858 viget
509 1821 647 1860 angelico

342 1864 385 1895 Et
408 1866 472 1896 vita
497 1866 640 1905 virginali

297 1909 401 1941 Verba
423 1920 546 1951 semper
566 1913 656 1943 utilia

297 1955 449 1995 Loquens,
477 1959 572 1990 evitat
596 1959 671 1990 vilia

342 2003 421 2034 Voto
442 2005 667 2044 praecordiali3

257 2073 264 2080 .
296 2047 456 2080 Subiectas
481 2059 553 2081 oves
579 2051 687 2089 dirigit

339 2094 461 2126 Ducatu
484 2098 645 2136 pastorali,

293 2139 446 2172 Errantes
473 2142 549 2173 dure
573 2143 700 2181 corrigit

341 2185 448 2218 Cultro
472 2188 652 2226 pontificali.

261 2265 267 2272 .
293 2241 403 2273 Multis
428 2251 561 2274 vernans
585 2245 743 2276 miraculis

293 2288 395 2320 Vitam
422 2290 575 2320 concessit
597 2292 727 2322 mortuis

340 2334 450 2366 Surdis
473 2336 628 2375 praebens
652 2339 801 2378 auditum,

970 220 1011 251 Et
1036 220 1138 250 lumen
1164 219 1264 251 caecis
1288 219 1396 260 oculis,

972 266 1018 298 Ut
1041 266 1173 297 credant
1195 266 1291 305 signis
1317 265 1474 304 congruis,

1015 312 1158 350 Quemvis
1182 315 1274 352 urget
1295 311 1445 353 invitum3

930 383 937 389 .
971 358 1062 389 Nunc
1085 359 1225 390 residens
1249 358 1282 389 in
1307 357 1414 389 arduis

969 404 1094 435 Caelum
1118 414 1254 445 procura
1277 404 1418 443 parvulis

1014 450 1065 482 Sic
1089 459 1147 489 per
1170 460 1226 482 nos
1252 450 1458 489 concupitum.

1051 590 1096 620 111
1120 590 1349 621 Laudibus

1109 681 1300 716 Antiphonae.

932 780 938 786 .
965 756 1033 787 Tua
1056 765 1138 787 nunc
1161 757 1339 787 testimonia

1010 802 1110 833 Nimis
1133 803 1166 833 in
1191 805 1255 834 toto
1281 803 1395 834 mundo

964 847 1065 879 Facta
1088 851 1161 879 sunt
1185 849 1358 887 credibilia,

966 895 1133 933 Postquam
1158 903 1268 934 regnas
1289 896 1322 925 in
1347 895 1452 933 patria

1010 940 1130 971 Fruens
1156 941 1240 972 cultu
1264 941 1410 974 iucundo.

931 1032 937 1037 .
964 1006 1083 1037 Cuncta
1105 1008 1258 1036 terrarum
1283 1007 1388 1045 spatia

1010 1052 1077 1083 Deo
1105 1052 1219 1083 debent
1243 1053 1362 1084 servire

963 1097 1054 1128 Nunc
1077 1099 1110 1129 in
1136 1098 1238 1130 cordis
1263 1099 1384 1130 laetitia

963 1144 1012 1174 Ac
1035 1153 1093 1183 per
1117 1145 1217 1175 sancti
1242 1144 1389 1184 suffragia

1010 1190 1062 1221 Ad
1086 1190 1187 1221 Deum
1211 1191 1351 1223 introire.

930 1278 937 1285 .
963 1253 1108 1293 Suscepit
1130 1258 1183 1286 tua
1208 1256 1349 1296 dextera,

1008 1300 1103 1340 Deus,
1129 1304 1160 1331 te
1184 1301 1350 1341 sitientem,

964 1345 1039 1378 Cum
1064 1356 1153 1378 sacra
1177 1348 1284 1379 levant
1307 1357 1404 1387 opera

962 1392 1006 1423 Et
1029 1393 1153 1424 elevant
1176 1395 1217 1425 ad
1242 1403 1357 1432 supera

1009 1439 1084 1471 Post
1114 1441 1147 1470 te
1170 1440 1216 1471 sic
1239 1440 1473 1474 adhaerentem.

928 1528 934 1535 .
962 1503 1074 1535 Omnes
1099 1504 1230 1536 virtutes
1255 1505 1392 1545 Domini,

1007 1550 1123 1581 Beatae
1147 1552 1297 1583 trinitatis

960 1596 1142 1627 Benedicite
1166 1598 1291 1641 nomini,

961 1642 1046 1679 Quae
1069 1643 1262 1675 Ludovicum
1287 1645 1406 1684 agmini

1006 1688 1113 1719 Iunxit
1133 1690 1337 1724 aeternitatis,

928 1778 934 1784 .
959 1752 1010 1784 Ab
1034 1753 1189 1785 universis
1214 1756 1338 1794 populis

1006 1798 1108 1830 Detur
1131 1801 1199 1831 laus
1224 1802 1376 1841 gaudiosa

962 1844 1028 1876 Deo
1053 1846 1173 1878 devotis
1196 1848 1331 1879 modulis

962 1892 1061 1922 Prece
1085 1892 1170 1924 beati
1194 1895 1359 1935 praesulis,

1007 1937 1175 1977 Signanter
1199 1949 1218 1971 a
1242 1941 1365 1974 Tolosa.

1077 2039 1123 2067 Ad
1142 2041 1324 2069 Benedictus.

922 2138 928 2145 .
960 2114 984 2145 Ο
1011 2124 1065 2146 vas
1091 2116 1190 2146 omnis
1214 2118 1334 2156 gratiae

959 2159 1003 2191 Et
1026 2170 1119 2192 verae
1142 2162 1302 2204 scientiae,

1005 2207 1145 2247 Praesul‚
1172 2211 1392 2253 contentivum,

959 2252 1008 2284 Da
1031 2254 1140 2284 salutis
1165 2257 1195 2285 et
1219 2256 1344 2289 virtutis

959 2299 1007 2329 Tu
1032 2299 1204 2332 doctrinam

959 2344 1111 2377 Gentibus
1138 2346 1285 2392 divinam,
