1650 2542
698 142 744 146 -—
791 123 858 158 183
909 143 951 150 --

307 214 350 245 In
378 215 407 246 3.
433 214 661 249 Nocturno.

391 305 584 341 Antiphonae.

194 371 224 403 1.
251 371 309 403 Pia
332 371 440 410 regina
464 372 619 412 virginum

295 418 397 449 Adest
421 419 528 456 sponsi
552 420 584 450 in
610 421 755 461 transitu,

246 463 362 494 Tendit
386 464 500 502 Ioseph
525 466 565 496 ad
590 466 732 498 bravium

293 509 409 541 Laetus
435 513 466 540 ct
490 512 628 549 gaudens
653 513 778 551 spiritu.

190 575 221 605 2.
248 573 392 605 Honorat
418 574 560 607 Christus
585 577 698 617 Ioseph

291 629 379 651 suum
404 621 554 663 baiulum,

247 666 305 704 Qui
331 667 440 698 sedule
463 669 596 700 nutrivit

292 713 395 751 ipsum
420 715 593 754 parvulum,

247 759 382 798 Dignum
406 760 439 790 in
465 761 559 792 caelis
583 761 644 792 sibi

294 806 430 837 reddens
455 807 636 845 praemium.

188 871 219 904 3.
245 871 349 901 Intrat
372 872 505 902 caeleste
528 872 696 903 thalamum

292 916 430 955 Sponsus
455 917 576 949 Mariae
600 919 739 958 virginis,

244 963 402 993 Aeternae
425 964 510 995 vitae
533 965 679 1003 poculum

293 1008 405 1040 Gustat
431 1010 469 1040 de
495 1009 580 1041 fonte
603 1011 738 1044 luminis,

378 1110 581 1145 Responsoria.

187 1167 216 1198 1.
242 1166 414 1204 Angelicae
435 1167 635 1198 revelationis

292 1211 469 1251 frequenter
494 1214 634 1245 eruditus

334 1259 480 1297 oraculis,

241 1305 354 1344 Ioseph
380 1304 502 1336 felicem
529 1314 563 1336 se
587 1308 677 1344 putat

289 1360 347 1390 pro
371 1352 492 1383 Mariae
517 1355 548 1383 et
571 1353 643 1384 Iesu

335 1398 418 1428 curis
443 1398 560 1429 sedulis

239 1443 283 1475 Et
308 1444 428 1475 devotis
451 1444 626 1484 obsequiis;

170 1489 206 1522 V.
239 1489 358 1530 Gaude,
384 1499 515 1529 sponsus

285 1539 315 1567 et
347 1539 450 1568 custos
475 1537 614 1577 virginis,

239 1582 344 1614 Sacris
368 1583 515 1614 insistens

284 1630 453 1668 mysteriis,

179 1696 210 1726 2.
237 1694 365 1726 Transit
388 1704 521 1735 sponsus
547 1696 667 1728 Mariae

283 1741 412 1781 virginis

333 1789 372 1819 de
395 1788 454 1819 hac
479 1789 561 1820 v‘alle
584 1790 737 1825 miseriae,

237 1835 354 1866 Fertur
378 1843 397 1864 a
421 1835 536 1865 sanctis
561 1836 679 1875 angelis

280 1881 312 1911 in
339 1880 441 1912 sinum

329 1927 528 1966 patriarchae
551 1927 700 1959 Abrahae

235 1974 280 2005 Et
303 1974 446 2005 caelestis
464 1974 552 2014 regni
568 1983 637 2005 cum
656 1975 780 2008 Christo

281 2021 401 2060 potitur

328 2069 437 2107 optata
459 2067 584 2110 requie3

166 2115 202 2148 V.
232 2114 381 2146 Exsultat
404 2114 519 2154 Ioseph

282 2161 447 2192 adiunctus

328 2208 507 2247 angelorum
532 2209 698 2247 consortio,

234 2253 369 2286 Securus
393 2253 495 2286 factus
519 2257 566 2286 est

283 2301 323 2332 de
345 2301 465 2340 gloriae

328 2348 469 2379 caelestis
495 2349 644 2388 praemio.

1006 220 1051 251 In
1076 218 1302 250 Laudibus.

1062 310 1252 345 Antiphonae.

863 377 892 408 1.
918 375 1031 407 Laetus
1056 376 1121 407 dies
1147 376 1304 414 recolitur,

963 423 1000 454 In
1025 431 1084 461 quo
1109 431 1239 460 sponsus
1263 422 1385 453 Mariae

916 468 967 499 Ab
992 468 1110 507 angelis
1132 469 1301 508 suscipitur

963 516 1000 546 In
1023 516 1184 547 beatorum
1209 515 1325 554 requie.

860 580 893 610 2.
919 579 993 610 Post
1016 579 1106 610 huius
1130 579 1238 610 mundi
1263 579 1399 610 stadium

964 625 1049 656 Caeli
1073 626 1192 664 potitur
1217 626 1339 664 gaudio,

916 671 1046 704 Scandit
1069 672 1110 702 ad
1137 672 1218 703 vitae
1242 672 1353 702 solium

963 718 1039 750 Cum
1061 720 1237 749 sanctorum
1263 718 1427 749 consortio.

859 784 890 815 3.
916 783 1023 814 Sancti
1047 782 1160 821 Ioseph
1186 781 1332 821 suffragia

960 828 1025 859 Nos
1049 831 1194 859 tueantur
1216 829 1329 867 iugiter

912 874 956 905 Et
979 875 1020 905 ad
1044 883 1140 914 regna
1164 875 1310 905 caelestia

959 921 1023 951 Nos
1047 921 1221 959 perducant
1244 919 1387 953 feliciter.

856 986 887 1016 4.
914 983 1052 1022 Sponsus
1076 984 1197 1015 Mariae
1222 985 1350 1023 virginis

958 1029 1095 1061 Devotos
1124 1039 1194 1060 suos
1220 1032 1364 1070 protegat

912 1076 962 1107 Ab
987 1076 1120 1107 hostium
1143 1076 1265 1107 insidiis

958 1123 1062 1161 Atque
1086 1122 1199 1153 virtute
1222 1121 1336 1154 foveat.

859 1189 889 1219 5.
915 1186 1075 1217 Laudetur
1102 1189 1189 1218 actor
1213 1188 1346 1218 omnium

959 1234 996 1264 In
1021 1233 1083 1264 ista
1108 1233 1159 1264 die
1180 1234 1290 1264 inclita

912 1278 979 1317 Qua
1001 1280 1104 1318 sponsi
1130 1280 1305 1318 patrocinia

955 1324 1054 1356 Nobis
1080 1323 1200 1364 fulgent
1225 1329 1255 1356 et
1276 1328 1398 1357 merita.

1022 1425 1067 1452 Ad
1094 1426 1275 1453 Benedictus.

839 1492 878 1522 A.
910 1491 986 1523 Cum
1011 1492 1120 1523 beatus
1145 1492 1259 1531 Ioseph
1284 1501 1375 1524 orans

957 1539 1058 1569 carnis
1086 1539 1212 1577 deponit
1238 1539 1370 1578 vincula,

908 1585 1028 1616 Assunt
1051 1585 1111 1616 sibi
1136 1585 1313 1624 angelorum

956 1634 1046 1670 grata
1069 1631 1217 1671 obsequia

907 1679 1077 1717 Ipsumque
1102 1678 1260 1710 deducunt

955 1725 994 1756 ad
1020 1725 1132 1763 quietis
1156 1725 1233 1767 loca,

908 1771 968 1803 Ubi
996 1774 1178 1810 exspectant
1201 1770 1338 1802 fideliter

955 1819 1078 1857 agmina
1103 1818 1258 1850 caelestia.

979 1957 1020 1987 In
1048 1958 1079 1989 2.
1105 1957 1317 1996 vesperis.

1028 2049 1073 2076 Ad
1091 2048 1265 2084 Magnificat.

837 2115 876 2146 A.
907 2115 930 2146 O
956 2114 1033 2146 felix
1058 2119 1161 2147 custos
1186 2119 1217 2147 et
1240 2124 1354 2155 sponse

953 2163 1079 2202 reginae
1101 2163 1266 2203 virginum,

907 2207 965 2246 Qui
989 2209 1091 2240 Iesum
1118 2210 1269 2248 educasti,
1295 2210 1394 2240 omnis

954 2259 1115 2288 creaturae
1141 2257 1308 2295 dominum,

907 2302 972 2333 Iam
997 2303 1097 2334 laetus
1123 2312 1233 2343 regnas
1259 2304 1291 2334 in
1317 2302 1410 2334 choro

953 2352 1129 2383 sanctorum
1154 2351 1329 2391 agminum3
