1650 2542
773 134 998 168 -58-

378 245 437 276 Ad
462 242 719 275 Matutinum.

444 334 653 361 Invitatorium.

317 401 356 432 In
379 400 496 431 neumis
521 398 607 429 chori

367 446 490 477 Christo
513 444 675 475 iubilemus
701 441 817 477 honori,

315 492 408 523 Cuius
435 498 539 522 amore
562 489 640 519 mori

362 537 496 574 voluisti,
523 537 629 565 sancte
654 533 757 564 Geori.

370 674 415 705 In
443 675 471 704 1.
498 671 724 703 Nocturno.

454 762 643 797 Antiphonae.

261 832 291 863 1.
319 831 487 862 Pravorum
511 827 578 859 fata

365 874 506 907 devitans
529 875 598 913 lege
622 873 714 903 beata

314 921 450 952 Firmari
474 920 603 959 studuit,

363 976 423 1006 qua
446 967 577 997 Domino
602 964 729 1004 placuit.

260 1034 289 1064 2.
315 1031 365 1062 Ex
391 1031 564 1062 divinorum

362 1077 536 1116 praeceptis
564 1076 666 1107 vincla
688 1074 836 1105 malorum

316 1123 469 1161 Disrupit,
502 1122 625 1153 chorum

365 1170 412 1200 sic
435 1168 611 1207 ingrediens
635 1167 806 1197 beatorum.

264 1235 295 1265 3.
323 1233 395 1265 Cum
421 1232 639 1268 tribulabatur,

367 1279 438 1310 diva
463 1278 577 1309 virtute
599 1277 723 1308 iuvatur

317 1325 440 1357 Robore
464 1323 631 1364 pugnandi,

365 1370 514 1402 vincendo
538 1368 632 1400 fidem
656 1367 821 1399 solidandi.

451 1460 652 1495 Responsoria.

260 1520 290 1550 1.
313 1517 445 1558 Nobilis,
473 1527 491 1548 o
518 1516 649 1555 Christe,

364 1563 482 1594 iuvenis
506 1562 565 1593 tibi
588 1561 703 1592 militat
724 1561 792 1603 iste,

315 1610 395 1641 Dum
422 1609 520 1640 crucis
544 1608 575 1639 in
600 1608 687 1646 signo

362 1656 444 1687 victo
471 1656 605 1686 dracone
626 1654 760 1692 maligno

251 1703 286 1735 V.
317 1702 412 1740 Virgo
437 1701 584 1738 salvatur,

361 1747 516 1786 baptismo
540 1745 629 1784 plebs
654 1748 830 1777 renovatur.

262 1814 293 1845 2.
318 1810 497 1842 Daemoniis
520 1808 594 1840 fano

363 1857 462 1888 libare
483 1856 602 1894 nolens,
628 1855 767 1886 Daciano

318 1903 422 1935 Suasit
443 1902 617 1941 iniquorum

365 1951 572 1987 contemptum
599 1948 840 1989 daemoniorum,

247 1996 284 2027 V.
316 1995 530 2028 Christicolam
554 2002 622 2025 sese

362 2041 535 2079 proclamat
557 2038 689 2070 firmiter
713 2048 789 2072 esse.

260 2108 289 2139 3.
313 2105 401 2137 Haec
423 2107 585 2144 postquam
608 2102 701 2143 fatur,

361 2151 481 2182 uncinis
507 2151 703 2192 dilaceratur,

316 2198 352 2229 In
378 2206 438 2236 qua
461 2199 581 2228 tortura

364 2244 470 2274 divina
494 2244 585 2275 datur
609 2242 668 2273 sibi
694 2251 776 2285 cura,

246 2291 283 2323 V.
315 2291 381 2330 Qua
405 2288 594 2321 confortatus

364 2337 500 2368 evicerat
522 2336 577 2367 hos
603 2336 768 2369 cruciatus,

1029 236 1074 267 In
1101 235 1130 266 2.
1156 233 1388 265 Nocturno.

1117 314 1308 349 Antiphonae.

944 399 951 406 .
977 374 1107 405 Invocat
1130 370 1280 402 auxilium

1026 447 1032 453 .
1059 444 1068 453 ,
1095 444 1104 453 .
1129 423 1250 456 quoque
1275 415 1424 452 divinum,

977 464 1064 503 Quod
1089 464 1149 494 cito
1174 461 1342 501 propitium

1024 509 1166 550 reppetit
1189 511 1282 546 atque
1305 507 1401 546 pium,

944 592 950 599 .
975 566 1075 597 Huius
1101 565 1264 596 clamorem

1023 612 1107 643 Deus
1130 610 1355 648 attendensque
1381 609 1520 639 dolorem

979 659 1047 689 Vim
1074 658 1102 689 vi
1128 656 1266 688 correxit

1021 712 1080 735 nec
1095 712 1157 735 non
1171 710 1265 740 super
1278 701 1407 732 aethera
1419 701 1513 731 vexit.

945 784 952 790 .
979 759 1117 791 Laudem
1141 756 1277 797 perfecit

1024 805 1166 836 inimicos
1190 803 1434 842 suppeditando,

978 852 1069 884 Idola
1090 850 1203 882 deiecit

1024 897 1189 929 Dominum
1218 896 1264 926 sic
1288 895 1501 934 glorificando.

1111 979 1312 1013 Responsoria.

950 1060 957 1067 .
983 1036 1047 1067 Iste
1071 1034 1134 1066 fide
1157 1033 1247 1071 fixus,

1023 1081 1143 1120 plumbi
1168 1080 1326 1118 sartagine
1350 1078 1463 1116 frixus,

981 1127 1168 1159 Constanter
1192 1126 1304 1157 stando

1025 1173 1101 1204 vicit
1126 1172 1291 1204 Dominum
1317 1171 1494 1211 rogitando,

939 1245 947 1251 .
976 1219 1064 1258 Quod
1089 1228 1149 1250 non
1174 1221 1247 1249 sunt
1268 1217 1315 1248 illi

1023 1265 1100 1295 laesi
1125 1272 1292 1303 carnesque
1320 1263 1437 1302 capilli.

945 1345 953 1353 .
980 1320 1165 1359 Collisisque
1188 1319 1265 1350 rotis

1027 1366 1139 1405 gladiis
1163 1365 1315 1404 insaeptis
1339 1366 1438 1396 acutis

978 1412 1069 1443 Hunc
1092 1412 1171 1443 nihil
1196 1415 1248 1442 aut
1272 1420 1383 1450 parum

1028 1458 1120 1489 laesit
1143 1457 1283 1489 fractura
1306 1461 1456 1498 rotarum,

941 1532 947 1538 .
977 1504 1026 1535 De
1049 1505 1134 1535 caelo
1157 1513 1270 1543 nempe

1028 1549 1154 1582 fuerant
1178 1549 1357 1582 confractae
1379 1552 1519 1589 repente.

947 1630 953 1637 .
977 1606 1111 1637 Praeses
1135 1605 1297 1636 tormentis

1023 1652 1105 1682 hunc
1128 1659 1277 1690 superare
1299 1652 1449 1690 nequivit,

980 1696 1054 1728 Cum
1077 1697 1300 1728 blandimentis

1024 1746 1164 1774 sanctum
1188 1744 1327 1775 victurus
1351 1743 1462 1783 adivit,

977 1789 1110 1820 Munera
1133 1789 1333 1829 praestando,

1023 1838 1145 1875 partem
1169 1836 1257 1875 regni
1281 1836 1471 1875 stipulando,

940 1909 946 1915 .
977 1882 1022 1915 Ut
1048 1882 1107 1913 diis
1132 1883 1250 1914 orando

1026 1931 1137 1967 pareat
1159 1929 1310 1960 libamina
1334 1929 1448 1963 dando.

1039 2050 1082 2080 In
1110 2050 1140 2081 3.
1166 2048 1391 2082 NocturnO.

1116 2130 1309 2165 Antiphonae.

945 2221 952 2228 .
978 2197 1097 2227 Iustum
1121 2195 1259 2226 iustitiae

1023 2241 1108 2272 Deus
1125 2241 1207 2272 hunc
1223 2242 1317 2273 hodie
1333 2245 1517 2282 peramavit.

977 2288 1092 2318 Hostes
1117 2288 1169 2326 qui
1194 2289 1308 2320 stravit

1023 2334 1132 2365 Victor
1156 2343 1252 2365 ovans
1277 2335 1381 2370 hodie.
