1650 2542
744 131 998 165 —100—

435 220 635 253 Responsoria.

248 265 277 297 1.
303 265 409 306 Omnc,
437 267 518 305 quod
543 269 590 298 est
613 268 792 306 pretiosum,

348 311 399 341 hic
422 315 469 343 est
493 314 725 353 contemplatus,

299 356 343 387 Et
366 357 523 396 profunda
545 358 707 390 fluviorum

347 411 419 434 vere
442 407 663 444 perscrutatus,

299 448 359 486 Qui
382 458 501 480 omnem
525 459 645 481 sacram
670 453 815 492 paginam

347 497 393 525 est.
416 495 649 536 interpretatus,

260 562 266 568 ,
300 539 385 571 Sicut
411 542 604 572 cataclismus

344 587 459 617 terram
484 587 606 629 rigavit,

298 630 350 661 Sic
375 632 487 663 donum
511 635 684 671 pneumatis

341 677 423 708 hunc
447 679 611 713 debriavit.

267 755 273 761 .
300 731 375 763 Cum
401 736 482 764 esset
505 734 556 764 hic
578 735 743 775 presbyter

344 778 460 810 Romae
484 781 661 819 cardinalis⁷

300 823 368 854 Nec
390 825 422 855 in
446 825 530 858 vitae
550 827 660 859 merito

340 870 369 900 ei
393 872 577 911 coaequalis,

293 916 426 954 Propter
449 918 548 949 zelum
574 919 758 959 disciplinae

338 962 441 993 oditur
465 972 484 994 a
507 965 614 1004 malis3

255 1029 262 1036 .
295 1006 429 1046 Cumque
452 1018 586 1041 summus
610 1012 752 1050 pontifex

339 1055 442 1085 terrae
468 1058 706 1101 commendatur,

295 1098 356 1130 Hic
380 1101 463 1132 solus
487 1102 526 1133 ab
552 1104 692 1135 omnibus

339 1146 449 1185 dignus
475 1149 678 1182 adclamatur.

260 1224 268 1231 .
296 1199 433 1240 Cumque
456 1212 591 1234 summus
616 1205 756 1243 pontifex

334 1247 450 1278 Romae
472 1252 519 1279 est
542 1250 667 1290 electus,

292 1292 395 1323 Instar
420 1294 536 1326 Christi
570 1297 717 1329 mundum
741 1307 827 1337 sper-

603 1350 680 1374 nens

339 1383 372 1414 fit
400 1385 461 1416 sibi
486 1386 659 1430 despectus,

292 1428 341 1460 Ex
366 1438 424 1468 quo
448 1440 585 1464 summae
607 1435 747 1467 theoriae

337 1484 439 1507 arcem
464 1481 511 1509 est
533 1480 674 1520 adeptus,

253 1543 260 1551 .
289 1521 326 1552 In
351 1522 513 1561 scripturis
538 1526 754 1559 transferendo

283 1566 445 1600 Laborans
471 1573 502 1601 et
526 1574 717 1610 exponendo.

252 1643 261 1652 .
287 1620 395 1654 Gloria
419 1624 460 1655 sit
485 1625 617 1666 Christo,

332 1670 416 1708 patri
441 1679 508 1701 cum
532 1653 656 1705 flamine
680 1678 797 1715 sancto,

286 1714 383 1751 Quam
409 1716 567 1748 decantari

330 1760 421 1791 simul
446 1763 594 1795 ecclesiae
617 1765 761 1798 iubilanti

284 1805 437 1838 Providus
460 1809 603 1849 instituit,

329 1853 381 1890 qui
406 1855 484 1885 caeli
507 1856 611 1888 sidera
634 1859 774 1900 scandit3

245 1922 254 1929 .
282 1897 412 1930 Sanctus
436 1901 628 1943 Ieronymus‚

331 1945 434 1977 divino
459 1956 585 1980 munere
610 1949 718 1991 fultus,

281 1989 385 2022 Hodie
408 1992 581 2032 triumphat,

327 2036 448 2069 Corona
471 2039 628 2072 laureatus

327 2082 381 2114 Ad
406 2085 552 2118 caelestia
576 2088 767 2122 sublimatus.

366 2175 410 2206 In
434 2176 660 2213 Laudibus,

416 2240 460 2266 Ad
483 2240 609 2270 Cantica.

241 2310 249 2318 .
277 2285 400 2317 Laudes
425 2287 492 2319 Deo
515 2289 685 2324 referamus

326 2332 376 2364 die
400 2333 559 2375 hodierna,

969 224 1036 262 Qua
1060 232 1155 263 regna
1179 225 1361 265 Icronymus

1013 271 1194 303 conscendit
1218 280 1362 311 superna.

1079 371 1124 398 Ad
1143 372 1323 399 Benedictus.

894 436 933 466 A.
964 435 1154 468 Benedictus
1179 437 1330 469 Dominus

1010 482 1095 514 Deus
1122 484 1258 523 Israelis,

964 528 1023 566 Qui
1051 529 1208 561 doctorem
1235 531 1380 563 eximium

1008 575 1102 606 hodie
1129 576 1161 607 in
1187 577 1282 608 caelis

965 619 1130 652 Coniunxit
1154 623 1328 662 agminibus

1008 667 1118 699 civium
1143 672 1330 709 sanctorum,

961 712 1024 745 Ubi
1049 714 1101 752 pie
1123 723 1293 746 memorum

1003 767 1121 791 memor
1145 761 1188 791 sit
1210 771 1345 806 suorum

959 804 1008 835 Nc
1036 815 1092 837 nos
1115 816 1172 846 pro
1195 809 1333 840 reatibus

1006 852 1159 885 scelerum
1183 857 1359 887 nostrorum

960 897 1028 928 Rex
1053 898 1183 930 addicat
1203 901 1301 932 iratus

1004 945 1112 982 poenis
1135 945 1316 980 inferorum.

1069 1083 1148 1114 Per
1169 1084 1314 1118 Horas.

1090 1183 1135 1210 Ad
1153 1184 1288 1212 Primam.

915 1271 922 1278 .
953 1247 1037 1279 Mira
1060 1250 1161 1280 sancti
1185 1252 1335 1284 sanctitas

998 1294 1031 1324 in
1056 1294 1115 1325 hoc
1140 1295 1327 1336 declaratur,

954 1339 1041 1377 Quod
1067 1341 1095 1371 ei
1121 1342 1257 1374 crudelis
1281 1345 1329 1376 leo

995 1389 1030 1416 ut
1053 1395 1160 1418 servus
1185 1387 1365 1425 famulatur.

1089 1486 1134 1515 Ad
1152 1489 1208 1516 Ter
1210 1491 1287 1517 tiam.

912 1573 918 1580 .
949 1551 973 1582 O
1000 1551 1100 1582 virum
1123 1553 1323 1598 ineffabilem,

994 1597 1099 1629 mitem
1123 1608 1161 1631 ac
1186 1601 1361 1644 benignum,

949 1642 1043 1680 Quem
1070 1646 1198 1677 caelesti
1223 1649 1325 1687 gloria

992 1689 1078 1722 Deus
1102 1690 1177 1723 fecit
1204 1693 1340 1733 dignum.

1087 1792 1131 1819 Ad
1151 1792 1277 1821 Sextam.

907 1879 914 1885 .
946 1854 1042 1888 Fama
1067 1859 1168 1891 sancti
1192 1861 1315 1893 redolet

991 1904 1078 1942 quasi
1101 1903 1158 1936 flos
1184 1916 1335 1948 rosarum,

942 1948 1074 1989 Fraglat
1096 1951 1177 1982 sicut
1198 1953 1356 1987 balsamus

990 1996 1070 2028 dono
1082 1998 1262 2037 gratiarum.

1084 2097 1130 2123 Ad
1148 2098 1270 2127 Nonam.

904 2184 910 2190 .
941 2160 1035 2192 Istius
1059 2165 1215 2195 consortio

942 2206 1028 2239 Caeli
1050 2209 1165 2247 gaudet
1189 2212 1284 2253 regio,

940 2252 1085 2285 Ecclesia
1108 2256 1227 2299 rutilat,

941 2300 1110 2332 Paradisus
1138 2301 1254 2357 fraglat
