1650 2542
235 229 273 261 V.

246 494 262 525 1

742 137 992 171 -234-

304 227 422 260 Cuncta
444 229 643 269 gubernantis

351 273 411 305 fuit
426 275 503 306 haec
515 276 562 307 vis
574 285 684 315 magna
695 275 839 307 tonantis.

362 367 406 398 In
432 368 464 399 2.
489 366 672 398 Nocturn
687 376 714 398 0.

439 438 630 473 Antiphonae.

270 519 276 525 .
302 493 346 524 Ut
368 493 414 523 sol
437 494 469 524 in
495 496 600 525 centro

347 539 465 569 relucet
487 540 653 578 splendore
677 549 815 582 corusco,

298 583 360 615 Hic
383 587 445 615 tam
469 586 630 623 praeclare

345 629 435 661 fulsit
456 631 588 663 vivendo
613 632 713 665 beate.

300 685 468 717 Primatum
491 690 600 718 nactus

345 730 406 762 fuit
433 733 572 764 omnibus
597 734 699 766 omnia
723 733 835 775 factus,

299 778 450 818 Prudens,
476 779 637 820 discretus,

344 823 475 856 affabilis
500 828 593 865 atque
617 827 747 866 quietus

265 902 272 909 .
297 879 395 919 Mitis,
421 883 596 913 mansuetus

344 924 404 957 fuit
427 929 459 957 et
480 936 538 967 pro
561 930 702 968 tempore
725 929 824 960 laetus

301 972 332 1002 [11
359 972 574 1013 discernendo,

341 1026 381 1049 ne
396 1019 470 1058 quid
487 1020 578 1051 nimis
590 1021 649 1051 hoc
661 1021 832 1054 retinendo.

263 1097 270 1104 .
298 1073 436 1112 Corpore
458 1075 596 1106 sincerus

344 1121 375 1150 et
396 1119 512 1152 blando
538 1122 632 1152 corde
654 1130 791 1161 serenuS,

297 1164 386 1203 Quod
411 1167 533 1198 virtutis
558 1171 635 1207 erat,

341 1211 433 1242 hilari
458 1213 545 1244 vultu
569 1213 747 1253 peragebat.

263 1290 270 1297 .
295 1266 455 1298 Ecclesiae
478 1271 567 1299 natos

341 1321 398 1351 per
423 1313 595 1345 doctrinam
619 1317 781 1346 renovatos

294 1357 397 1397 Fovit,
424 1358 573 1400 defendit,

342 1405 435 1436 duros
458 1406 573 1437 acriter
596 1406 806 1445 reprehendit.

263 1484 269 1489 .
295 1458 381 1491 Sicut
405 1461 591 1499 apostolicus

340 1506 388 1536 vir
413 1506 529 1539 Christi
553 1516 644 1539 verus
669 1510 795 1549 amicus,

295 1550 450 1590 Quidquid
473 1554 587 1585 amoris
612 1557 679 1586 erat

342 1598 447 1638 divini,
472 1599 664 1639 perficiebat.

422 1671 623 1707 Responsoria.

261 1750 268 1758 .
293 1725 431 1758 Gentiles
454 1728 548 1760 verbo

342 1773 459 1804 domuit
481 1777 571 1813 pater
594 1776 654 1807 iste
678 1787 821 1819 superno,

293 1819 454 1850 Convertit
474 1824 592 1853 mentes

339 1866 467 1898 miseras
491 1868 657 1901 simulacra
681 1871 827 1912 colentes,

255 1935 262 1942 .
292 1910 372 1942 Nam
396 1912 535 1945 bonitate
558 1924 615 1946 sua

337 1959 470 1991 mollivit
491 1963 618 1999 pectora
644 1962 731 1995 dura.

260 2034 266 2041 .
294 2013 442 2045 Caelestis
464 2016 587 2054 patriae

339 2059 421 2090 cives
444 2061 592 2093 adamans
616 2072 704 2095 sacer
726 2065 787 2096 iste

293 2105 331 2135 In
357 2107 423 2136 tuto
447 2108 564 2145 positos

339 2159 461 2190 semper
484 2155 632 2192 sperabat
654 2157 693 2188 ad
717 2158 799 2198 illos,

294 2196 557 2237 Contemplativae

339 2245 475 2283 gaudens
504 2246 667 2279 dulcedine
691 2250 782 2282 vit-ae.

260 2323 267 2331 .
291 2299 471 2331 Fasciculus
492 2311 624 2344 murrae,

339 2347 485 2379 virtutum
508 2349 618 2388 plenus
643 2351 748 2391 odore,

966 229 1048 262 Huic
1070 229 1201 261 dilectus
1228 231 1305 269 erat,

1012 275 1072 306 sibi
1098 276 1169 307 dum
1192 284 1316 307 carnem
1333 274 1507 314 subigebat,

896 321 933 352 V.
963 320 1062 353 Fama
1087 322 1186 353 dulcis
1212 325 1288 362 erat,

1011 368 1098 407 quasi
1126 368 1232 400 nobile
1255 371 1306 399 tus
1331 366 1505 401 redolebat.

908 423 938 454 4.
966 422 1065 454 Cocco
1089 423 1137 455 bis
1161 424 1271 463 tincto,

1010 469 1127 501 Christi
1150 470 1337 501 charismate
1358 473 1463 508 uncto,

964 515 988 546 O
1013 517 1114 555 pater,
1139 516 1270 556 ornaris,

1010 561 1058 592 bis
1082 562 1198 593 tinctus
1220 570 1325 593 amore
1348 562 1481 602 vocaris,

893 607 931 640 V.
961 607 1007 638 Te
1028 617 1084 639 nos
1109 617 1243 647 oramus,

1009 652 1069 693 fac,
1081 655 1163 693 quod
1174 654 1307 686 Domino
1316 655 1504 694 placeamus.

1023 794 1068 825 In
1094 795 1125 826 3.
1152 793 1375 826 Nocturno.

1100 894 1145 921 Ad
1165 894 1293 922 Cantica.

891 961 930 991 A.
960 959 1062 999 Hunc,
1088 968 1178 999 quem
1203 961 1357 1004 subvexit,

1007 1009 1146 1037 sanctum
1171 1008 1326 1046 sapientia
1349 1010 1433 1040 rexit

958 1052 995 1084 In
1018 1053 1135 1091 saeptis
1161 1054 1258 1085 cellae

1006 1102 1078 1137 post
1100 1102 1256 1139 sceptrum
1281 1100 1469 1139 pontificale.

1091 1201 1294 1235 Responsoria.

902 1265 932 1297 1.
957 1265 1008 1296 Ex
1031 1266 1104 1296 hinc
1127 1268 1293 1299 transactis

1003 1312 1052 1342 bis
1075 1312 1157 1343 binis
1183 1316 1215 1344 et
1237 1314 1338 1345 tribus
1363 1317 1462 1356 anniS,

956 1358 1076 1390 Rursus
1101 1359 1259 1399 episcopio

1003 1405 1159 1436 relocatur
1184 1406 1222 1437 de
1243 1407 1403 1449 Stabulao,

888 1448 927 1482 V.
956 1450 1050 1481 Plebs
1076 1451 1214 1483 dictante
1236 1452 1304 1485 Deo

1004 1497 1118 1536 gaudet
1142 1501 1269 1536 pastore
1292 1504 1429 1540 recepto.

900 1551 931 1583 2.
957 1550 1102 1590 Principe
1126 1557 1304 1585 cunctorum

1003 1607 1085 1629 nunc
1105 1600 1275 1640 instigante
1297 1604 1450 1635 malorum

959 1642 1065 1675 Saevit
1087 1646 1180 1677 turba
1203 1647 1303 1678 virum

1003 1698 1135 1729 nequam
1156 1694 1296 1725 vexando
1321 1694 1497 1736 benignum,

887 1735 924 1766 V.
954 1735 1078 1768 Invidia
1099 1738 1202 1778 plena,

1001 1783 1129 1815 sceleris
1156 1785 1272 1817 nullius
1297 1796 1402 1827 egena.

899 1837 929 1868 3.
955 1835 1060 1868 Sensit
1082 1843 1154 1877 post
1177 1840 1287 1873 laudes

1001 1886 1167 1917 nocturnas
1190 1887 1301 1920 adfore
1324 1889 1452 1923 fraudes

954 1929 1103 1972 Hostiles,
1127 1934 1273 1971 precibus

1001 1980 1092 2015 pater
1119 1979 1241 2012 instans
1265 1981 1497 2023 glorificandus,

890 2022 923 2055 V.
952 2022 1020 2053 Nec
1043 2033 1139 2065 mora,
1166 2026 1205 2057 de
1227 2029 1310 2058 tecto

1001 2070 1168 2102 transfixus
1193 2072 1260 2102 obit
1282 2073 1335 2111 pie
1358 2075 1430 2108 telo.

899 2126 930 2156 4.
956 2125 1091 2156 Victima
1115 2129 1224 2157 sancta
1246 2127 1307 2158 Dei

1002 2172 1211 2203 conscendens
1236 2174 1341 2207 sidera
1364 2178 1453 2218 caeli,

957 2217 981 2248 O
1007 2217 1174 2248 Lamberte
1197 2222 1297 2261 pater,

1002 2271 1074 2301 rege
1097 2272 1153 2294 nos
1171 2267 1202 2295 et
1217 2270 1347 2308 protege
1364 2279 1497 2312 semper,

888 2309 923 2342 V.
955 2308 1130 2341 Concilians
1155 2311 1280 2344 Christo

998 2354 1131 2387 Domino
1139 2366 1195 2388 nos
1204 2368 1285 2392 nunc
1294 2363 1366 2395 etin
1376 2372 1495 2399 aevum.
