1650 2542
686 131 936 168 -249-

245 226 307 260 Via
331 227 432 261 caelos
459 228 649 261 clarescente

244 273 312 305 Fac
334 279 367 306 te
392 275 471 306 duce
494 279 670 315 penetrare,

914 227 959 260 Ut
981 230 1056 258 tunc
1081 225 1237 258 Christum
1262 224 1425 265 speculare

916 274 1073 306 Possimus
1098 271 1242 304 feliciter.

253 339 337 365 Brev.
363 338 570 373 Hospitalense
594 340 663 366 anni
690 336 769 366 1490.
813 338 881 365 Coti.
908 337 1029 364 Paulan.
1055 336 1147 371 Hosp.
1175 337 1243 362 cart.
1267 332 1329 361 320.
1359 347 1392 351 —
1416 333 1458 359 In

178 372 203 400 1.
223 374 329 410 Vesp.
355 375 447 410 Super
469 376 517 403 Ps.
539 373 570 408 Α,
590 374 607 403 6
633 375 723 411 Cippo
750 376 838 403 labiis
858 375 1025 401 maculatos.
1050 388 1088 392 —
1112 373 1156 399 Ad
1174 373 1271 407 Magn.
1292 369 1322 405 A,
1343 368 1361 396 2
1382 370 1458 397 Gens

177 410 257 438 fehlt.
273 426 306 430 -
326 412 400 438 Ibid.
413 409 432 439 8
454 412 567 439 Christo
581 413 714 440 Domino.
728 428 765 432 —
784 413 823 439 In
844 410 868 438 1.
882 412 933 439 No
943 413 983 438 ct.
998 412 1113 437 sanctus
1126 409 1205 437 fehlt.
1219 423 1255 427 —
1268 409 1307 435 In
1320 405 1346 433 2.
1360 408 1458 434 Noct-

181 446 203 473 Α
225 446 249 481 1,
272 447 287 475 1
313 449 498 476 invocantem
524 450 667 476 Dominus
695 449 849 476 exaudivit.
873 464 910 467 —
938 447 957 474 R
980 447 1004 480 1,
1028 446 1041 474 1
1066 446 1252 474 Leonhardus
1276 446 1398 480 fugiens.
1423 457 1459 462 —

178 482 198 509 R
219 482 246 518 3,
266 483 284 512 3
304 486 415 519 Quibus
434 486 515 513 facis.
538 501 572 505 —
591 487 632 513 111
652 484 677 513 3.
697 487 793 513 Noet.
814 485 836 511 Α
856 484 882 519 2,
903 483 921 511 2
940 485 996 512 Pro
1009 493 1067 519 qua
1078 484 1184 511 habere
1195 483 1245 509 hic
1256 485 1408 509 catervam.
1423 494 1458 498 —

180 519 200 547 R
223 520 286 565 1‚·5
306 522 346 549 Et
364 525 398 549 ut
416 526 607 558 peccatorum.
626 537 662 541 —
684 521 704 549 R
727 521 751 556 1,
771 520 789 550 8
814 523 908 550 locum
928 524 960 549 tu
979 523 1093 549 subisti.
1115 535 1149 539 —
1168 521 1208 548 In
1229 519 1332 546 Laud.
1353 517 1375 544 Α
1394 516 1420 551 4,
1443 516 1457 543 1

179 566 259 593 aegri
284 562 410 587 currunt.
430 576 467 580 —-
486 561 635 595 Hymnus:
656 561 680 588 O
699 560 877 593 Leonharde‚
897 562 997 594 pastor
1015 559 1090 586 bone
1108 556 1201 593 (Anal.
1220 557 1269 590 IV,
1292 553 1366 591 179).

594 651 637 681 87.
676 649 719 680 De
740 651 844 680 sancto
864 648 1053 680 Leonhardo.

307 718 353 749 In
382 719 413 751 1.
439 719 655 758 Vesperis.

362 791 454 827 Super
469 791 609 818 Psalmos.

178 848 219 879 A.
248 847 352 878 Adest
377 848 444 879 dies
468 848 616 887 laetitiae,

249 893 287 924 In
312 902 372 933 quo
397 894 500 925 soluta
521 894 615 925 hodie

248 940 300 971 Ab
325 940 481 980 ergastulo
506 940 608 971 carnis

247 986 363 1018 Anima
387 985 584 1025 confessoris,

251 1033 358 1064 Sancti
381 1032 443 1064 viri
464 1032 653 1070 Leonhardi,

250 1078 309 1116 Qui
332 1079 480 1111 virtutem
501 1079 597 1110 habet
618 1077 711 1109 nardi

250 1125 294 1156 Et
314 1127 350 1155 ut
373 1125 460 1157 sidus
486 1133 614 1156 aureum

250 1170 420 1203 Decoravit
443 1171 610 1204 saeculum.

365 1243 411 1270 Ad
430 1242 606 1279 Magnificat.

178 1301 218 1332 A.
248 1300 445 1340 Leonharde‚
471 1303 562 1340 pater
586 1302 703 1337 sancte,

252 1346 329 1379 Cum
353 1347 396 1378 sis
422 1347 583 1387 dignitatis
607 1348 713 1377 tantae

298 1396 382 1425 Ante
405 1394 551 1424 thronum
575 1392 699 1431 iudicis,

251 1440 297 1472 Ut
319 1440 443 1472 salvare
466 1440 568 1479 possis
593 1447 724 1477 omnem,

251 1487 307 1524 Te,
333 1486 385 1525 pie
411 1483 538 1529 [pater],
566 1488 715 1523 orantem,

299 1533 362 1565 Ora
385 1542 443 1572 pro
468 1533 557 1564 nobis
580 1532 714 1564 miseris,

316 1626 377 1658 Ad
401 1626 666 1658 Matutinum.

379 1700 591 1726 Invitatorium.

250 1757 347 1788 Festo
371 1756 459 1796 pacis
485 1759 515 1787 et
539 1756 666 1788 honoris

251 1803 433 1836 Leonhardi
458 1802 645 1834 confessoris

252 1850 439 1889 Laudesque
460 1849 528 1881 Deo
554 1850 658 1881 dando

250 1897 364 1930 Venite
386 1896 558 1928 iubilando.

309 1996 356 2028 In
382 1995 413 2028 1.
439 1995 670 2027 Nocturno.

395 2068 589 2104 Antiphonae.

196 2127 228 2158 1.
253 2127 315 2158 Pro
339 2128 392 2156 tuo
417 2128 525 2157 saneto
551 2124 676 2156 nomine

252 2172 290 2203 In
314 2172 383 2211 lege
407 2174 471 2210 tua,
496 2171 640 2211 Domine,

253 2218 405 2251 Meditari
429 2218 538 2261 voluit7

254 2265 351 2303 Quem
376 2263 557 2304 frequenter
582 2265 687 2297 coluit.

196 2324 227 2357 2,
256 2321 448 2353 Constitutus
473 2330 540 2352 sum
565 2320 604 2352 ab
631 2329 678 2359 eo,

256 2367 392 2407 Christo,
417 2367 575 2400 salvatore
595 2376 676 2409 meo⁷

918 717 1123 756 Praeceptum
1148 715 1213 747 eius
1238 713 1435 753 praedicans,

921 764 1009 794 Viam
1034 762 1143 793 salutis
1166 761 1322 791 nuntians.

885 844 892 850 .
918 818 975 857 Tu,
1001 817 1096 856 Deus,
1120 824 1190 846 mea
1213 815 1320 856 gloria,

918 863 1102 895 Laudabilis
1127 861 1285 900 memoria,

920 909 1022 948 Caput
1044 917 1145 940 meum
1169 907 1316 939 exaltasti

918 956 962 987 Et
984 956 1102 986 honore
1126 953 1291 985 coronasti.

1056 1036 1259 1070 Responsorla

863 1094 893 1126 1.
917 1093 1028 1124 Pastor
1052 1092 1141 1128 bone,
1166 1097 1281 1129 praeco
1307 1090 1434 1131 Christi,

920 1139 988 1170 Tua
1011 1146 1104 1177 prece
1127 1136 1267 1167 meruisti

919 1185 981 1216 Per
1004 1184 1065 1216 Dei
1088 1183 1245 1214 mirabilia

920 1231 1072 1270 Reginam
1097 1238 1165 1261 cum
1189 1227 1256 1260 filia

920 1278 950 1309 A
974 1280 1075 1309 morte
1098 1276 1259 1314 suscitare,

922 1323 1068 1362 Captivos
1092 1322 1242 1359 liberare3

923 1370 1076 1401 Vitiorum
1101 1377 1121 1399 a
1145 1370 1264 1406 catena,

922 1415 1021 1447 Simul
1045 1424 1064 1446 a
1089 1414 1248 1446 daemonis
1272 1413 1395 1444 habena

922 1462 987 1493 Nos
1009 1461 1111 1493 libera
1134 1460 1282 1499 piissime,

922 1510 1091 1540 Precamur
1117 1506 1332 1544 devotissime3

884 1580 892 1587 .
923 1555 1019 1586 Verbi
1046 1554 1106 1586 Dei
1130 1553 1340 1594 praedicator,

922 1601 1118 1639 Leonharde,
1143 1600 1230 1640 pacis
1255 1601 1349 1637 sator,

925 1648 1126 1687 Captivorum
1150 1646 1309 1677 liberator.

890 1730 898 1737 .
924 1704 1109 1736 Mandatum
1133 1702 1252 1742 praedo
1277 1700 1397 1740 spernit
1413 1700 1469 1731 tri-

1243 1756 1317 1779 num

972 1797 1085 1829 Vincto
1110 1803 1226 1835 negans
1250 1802 1390 1836 parcere,

926 1843 1131 1875 Leonhardus
1155 1842 1355 1882 peregrinum

973 1890 1104 1922 Sanctus
1136 1889 1235 1920 trahit
1264 1888 1302 1919 de
1328 1894 1470 1928 carcere3

925 1937 1081 1976 Quosdam
1105 1938 1198 1967 necat
1221 1936 1322 1965 morte
1347 1933 1426 1964 dura

973 1983 1083 2015 Turris
1108 1990 1200 2014 ruens
1222 1981 1336 2020 media,

925 2029 1052 2069 Hospiti
1078 2028 1250 2069 frangendo
1277 2036 1370 2059 crura

974 2076 1123 2108 Horroris
1150 2075 1238 2107 dedit
1261 2074 1387 2115 taedia3

890 2151 896 2157 .
926 2123 990 2155 Hic
1012 2127 1196 2163 perseverat
1219 2120 1403 2153 offendendo

976 2170 1123 2201 Vinctum
1149 2178 1216 2200 cum
1241 2167 1403 2208 tenaculis,

927 2216 1020 2248 Hunc
1036 2217 1131 2248 solvit
1142 2218 1268 2247 sanctus
1282 2213 1475 2245 ostendendo

976 2263 1071 2303 Signa
1096 2272 1165 2295 cum
1189 2260 1358 2293 miraculis.

872 2321 903 2352 3.
931 2319 1006 2351 Cum
1040 2320 1140 2351 sancti
1164 2316 1344 2351 Leonhardi
1367 2324 1476 2347 servus

977 2366 1128 2407 Pergeret
1151 2364 1324 2405 negotians,
