1650 2542
750 114 959 149 -8-

546 204 588 233 In
606 204 632 232 2.
653 204 827 242 Vesperis
847 206 891 235 ad
911 206 1137 244 Magnificat-

435 250 471 277 A.
489 249 672 286 Magnificate
690 251 790 288 Deum,
811 251 896 282 Petro
917 262 1031 290 quoque
1050 254 1153 284 solvite
1173 258 1277 291 grates,

490 295 622 333 Namque
642 297 741 326 ducem
758 298 843 327 nobis
862 299 947 335 misit,
969 300 1018 336 qui
1036 303 1121 330 nocte
1140 300 1239 338 fugata

487 341 603 371 Eri-oris
622 343 802 372 circumfudit
819 353 873 373 nos
892 345 999 374 lumine
1018 347 1086 383 veri,

485 386 531 416 Ne
551 389 614 424 quis
636 390 730 425 possit
747 390 802 418 iter
821 390 933 420 stabilis
955 400 1014 421 non
1034 399 1097 421 esse
1116 393 1226 423 salutis.

542 443 641 472 Infra
660 443 820 473 Octavam
838 445 891 474 Ad
909 445 1133 483 Magnificat.

431 490 465 517 A.
487 488 509 517 O
532 498 616 526 quam
636 493 736 519 sancta
755 491 825 526 dies,
847 501 863 521 ο
887 500 972 528 quam
991 492 1095 522 festiva
1112 494 1244 533 refulget,

483 535 599 564 Viribus
620 545 635 565 o
656 537 724 565 totis
744 538 830 567 castis
851 538 1078 576 celebrandaque
1097 542 1180 576 votis,

485 581 547 617 Qua
566 583 694 611 bonitate
714 583 806 612 bonus
825 587 925 613 noster
941 588 1019 615 meat
1038 589 1117 615 astra.
1135 591 1276 625 patronus

521 627 660 657 Domnius
680 629 717 658 ad
738 630 813 658 vitae
833 630 940 667 gaudia
957 635 1124 669 perpetuae.

299 665 442 707 ilhnlich
467 674 599 709 verhalt
623 684 658 710 es
682 677 753 711 sich
777 678 841 712 mit
857 679 965 713 einem
985 678 1140 715 Officium
1158 682 1220 717 auf
1229 684 1295 718 den
1309 684 1354 719 hl.
1372 685 1481 721 Patri-

210 726 299 767 cius,
333 728 392 762 clas
416 739 506 763 zwar
528 730 564 764 in
587 730 692 765 Prosa
716 732 891 776 abgefasst‚
916 735 1013 770 indes
1037 737 1101 770 mit
1125 738 1260 781 einigen
1283 742 1480 784 poetischen

206 779 432 824 Antiphonen,
457 786 662 821 na111entlich
685 787 721 821 in
738 788 799 822 der
816 791 929 824 ersten
946 790 1085 836 Vesper,
1111 795 1287 830 verbramt
1301 796 1355 831 ist.
1393 797 1478 833 Das-

204 836 297 870 selbe
312 835 419 872 findet
435 839 504 874 sich
521 841 555 874 in
573 840 755 885 folgenden
772 843 930 885 Quellen:
956 846 1094 891 Antiph.
1113 859 1175 884 ms.
1194 849 1480 888 Clondalkinense

204 900 289 926 saec.
318 892 368 927 15.
410 893 491 929 Cod.
519 895 660 940 Collegii
684 908 726 933 ss.
752 898 929 935 Trinitatis
953 901 1135 939 Dublinen.
1160 904 1189 939 B
1217 906 1247 948 1,
1273 907 1313 950 33
1338 908 1476 953 Antiph.

202 955 262 980 ms.
288 946 502 984 Franciscan.
528 951 668 987 Hibern.
702 963 788 989 saec.
816 955 869 990 15.
896 966 946 992 ex.
997 957 1079 994 God.
1110 959 1252 1004 Collegii
1284 972 1327 998 ss.
1355 964 1476 999 Trinit.

203 1000 383 1037 Dublinen.
408 1004 436 1038 B
464 1007 499 1049 1,
527 1007 564 1049 23
601 1007 738 1053 Antiph.
763 1020 824 1045 ms.
851 1010 885 1046 S.
909 1012 1069 1049 iohannis
1094 1015 1276 1052 Dublinen.
1303 1029 1391 1055 saec.
1419 1020 1473 1055 15.

203 1055 285 1092 God.
320 1057 404 1094 Coll.
438 1069 480 1094 ss.
507 1061 627 1096 Trinit.
653 1064 835 1100 Dublinen.
868 1066 896 1100 B
923 1066 954 1109 1,
979 1068 1019 1111 43
1051 1069 1151 1105 Brev.
1176 1082 1237 1107 ms.
1263 1073 1474 1112 Dublinense

200 1121 287 1146 saec.
314 1113 366 1148 15.
418 1115 499 1150 Cod.
527 1116 610 1152 Coll.
644 1128 687 1153 ss.
713 1119 834 1155 Trinit.
868 1122 1050 1159 Dublinen.
1075 1125 1104 1160 B
1130 1126 1162 1170 3,
1190 1128 1243 1162 13.
1292 1130 1358 1165 Die
1384 1135 1473 1167 erste

198 1166 370 1211 Antiphon
388 1170 449 1204 der
464 1171 593 1216 Vesper
616 1174 662 1208 ist
684 1177 873 1221 prosaisch3
900 1179 991 1214 dann
1016 1182 1098 1216 aber
1114 1181 1228 1227 folgen
1245 1185 1328 1229 vier‚
1356 1188 1420 1222 wie
1437 1198 1473 1223 es

195 1222 334 1267 scheint‚
361 1228 476 1268 spater
501 1228 768 1271 eingesehobene
792 1232 1028 1277 Antiphonen:

249 1286 350 1315 Altare
369 1287 514 1324 lapideum
911 1299 1026 1335 Aquam
1045 1301 1105 1330 suis
1123 1303 1259 1339 precibus

285 1331 382 1362 Sancti
402 1336 559 1370 pretiosum
947 1345 982 1373 In
1000 1347 1058 1375 mel
1079 1352 1268 1387 commutavit,

247 1377 332 1407 Ultra
349 1381 432 1409 maris
455 1382 565 1412 alveum
912 1390 974 1426 Quo
994 1393 1134 1423 nutricem
1153 1396 1321 1434 languidam

284 1424 455 1455 Transvexit
472 1428 627 1465 leprosum.
947 1436 1062 1469 satians
1082 1443 1205 1472 sanavit.

248 1478 335 1516 Signo
357 1482 448 1511 crucis
468 1483 544 1513 edito
911 1492 1046 1524 collectis
1065 1495 1255 1534 fragminibus

283 1525 360 1555 Fons
381 1536 433 1564 per
454 1528 559 1560 Christi
576 1541 681 1563 numen
946 1540 1046 1570 Multis
1066 1543 1222 1579 glacierum

245 1572 352 1609 Manat,
374 1583 429 1610 quo
451 1575 501 1604 dat
519 1579 630 1608 concito
908 1585 1008 1623 Ignem
1028 1589 1089 1618 suis
1109 1592 1243 1626 precibus

283 1620 374 1649 Caeco
391 1623 459 1650 nato
479 1622 582 1653 lumen.
944 1630 1134 1664 Accendebat
1153 1645 1262 1667 verum.

279 1675 332 1710 An
357 1677 450 1712 diese
466 1679 682 1725 Antiphonen
706 1685 856 1722 schliesst
871 1688 943 1723 sich
960 1690 1016 1724 ein
1034 1691 1198 1729 ebenfalls
1216 1696 1465 1741 rhythmisches

191 1729 454 1773 Responsorium
464 1744 471 1767 :

548 1789 583 1818 R.
602 1791 702 1829 Magni
722 1795 814 1831 patris
833 1800 901 1826 sunt
917 1799 1050 1829 miranda

640 1840 744 1869 merita
761 1841 889 1878 Patricii‚

604 1882 656 1912 Cui
674 1884 815 1917 Dominus
835 1890 962 1920 ostendit

640 1930 735 1960 locum
752 1936 920 1971 purgatorii,

602 1976 664 2011 Quo
683 1978 810 2009 viventes
829 1989 862 2010 se
881 1989 1041 2021 expurgent

640 2022 838 2061 delinquentes
857 2027 920 2058 filii.

544 2065 578 2094 V.
597 2066 680 2098 Dono
700 2079 792 2108 purga
809 2082 870 2110 nos,
889 2075 1001 2113 Patrui,

637 2115 679 2143 tui
699 2116 836 2148 adjutorii

598 2159 720 2192 Diluens
738 2173 825 2200 prece
844 2166 931 2204 felici,

637 2209 715 2244 quod
732 2210 870 2243 habemus
890 2216 960 2245 vitii.

271 2247 335 2282 Die
358 2248 530 2294 Antiphon
562 2264 639 2289 zum
666 2257 861 2299 Magnificat
893 2263 956 2298 cler
988 2267 1101 2301 ersten
1128 2268 1258 2314 Vesper
1291 2277 1359 2310 und
1395 2279 1456 2314 (las

179 2301 413 2340 Invitatorium
440 2307 501 2341 ‹ler
525 2309 671 2346 Matutin
696 2313 830 2350 lauten:
