1650 2542
731 131 986 166 —187—

279 219 454 259 Splendida
478 223 625 262 virgineis

322 265 476 308 florescis,
502 268 628 309 femina,
653 272 765 313 sertis3

209 313 246 344 V.
280 313 329 344 Sis
354 316 553 346 memoratrix

326 358 522 399 famulorum,
548 365 667 402 sancta,
686 365 820 402 tuorum,

274 405 333 444 Qui
357 406 416 437 tibi
443 407 554 439 devote

323 450 515 485 famulantur
538 457 630 486 nocte
656 455 776 494 dieque.

389 525 434 552 Ad
454 525 630 561 Magnificat.

240 605 246 611 .
278 580 399 622 Gaude,
426 582 555 620 caelum,
580 586 676 624 terra,
694 584 819 623 plaude,

276 627 352 658 Dies
378 628 470 659 adest
496 629 589 668 digna
611 630 715 669 laude,

323 672 422 706 Plena
447 675 513 706 dies
538 676 647 715 gloria,

277 720 344 758 Qua
367 721 491 753 Iuliana
514 722 673 761 antiquum

280 766 441 798 Castitatis
465 767 623 799 inimicum

324 813 420 845 Elisit
443 814 593 856 victoria,

275 859 332 890 Pia
356 863 457 891 mater
481 863 512 891 et
535 863 685 901 matrona,

321 906 396 937 Tuis
421 907 537 938 sanctis
562 907 708 946 precibus

278 952 490 984 Interventrix
516 955 547 983 et
570 955 706 992 patrona

321 998 370 1030 Sis
395 1008 452 1039 pro
475 999 565 1031 nobis
590 999 741 1032 omnibus¹

341 1120 399 1151 Ad
423 1120 686 1151 Matutinum.

409 1192 621 1219 Invitatorium.

272 1248 351 1288 Regi
375 1257 482 1289 regum
506 1249 674 1279 iubilantes

318 1295 461 1326 Laudum
490 1303 548 1335 per
572 1295 708 1334 insignia

272 1341 473 1372 Exsultemus
499 1344 682 1373 venerantes

318 1388 458 1420 Iulianae
480 1388 650 1421 sollemnia.

332 1520 380 1551 In
408 1519 436 1550 1.
464 1518 690 1551 Nocturno.

412 1591 605 1626 Antiphonae.

239 1673 246 1680 .
272 1648 361 1680 Haec
386 1648 463 1679 caeli
490 1648 616 1680 divitias

317 1695 516 1727 Aestimabat
537 1694 657 1733 copiam

270 1742 315 1773 Et
335 1742 445 1774 mundi
471 1741 599 1772 delicias

317 1788 498 1828 Reputabat,
520 1787 667 1827 inopiam.

216 1854 245 1876 ·.
272 1843 324 1875 Sic
349 1844 430 1874 enim
455 1844 488 1874 in
514 1843 639 1875 Christo

318 1888 451 1921 fundata
475 1888 587 1928 fuerat,

269 1937 358 1976 Quod
384 1937 423 1968 ab
446 1936 516 1975 ipso
540 1935 682 1975 separari

314 1984 439 2024 penitus
465 1991 526 2013 non
549 1984 685 2022 poterat.

949 225 1105 259 Nobilitas
1130 225 1251 265 generis

995 276 1026 303 et
1050 272 1148 303 virtus
1171 271 1353 310 nobilitatis,

908 344 915 351 .
944 318 1091 359 Martyrii
1113 317 1260 348 laudatur
1282 318 1314 348 in
1339 318 1398 348 hac

995 364 1127 396 victoria
1150 364 1221 403 plus
1246 372 1347 403 quam.

914 444 921 452 .
945 419 1081 451 Exutam
1104 419 1199 458 virgis

992 465 1083 496 iussit
1107 465 1195 496 caedi
1218 467 1308 504 pater
1332 465 1408 504 eius,

947 513 977 543 A
999 520 1112 550 sponso
1137 511 1274 550 propriis

991 566 1143 596 suspensa
1167 556 1288 596 fuitque
1313 557 1445 597 capillis,

910 629 917 635 .
947 603 992 635 Ut
1015 603 1161 634 Satanam
1187 604 1303 634 coleret

994 653 1023 680 et
1049 649 1204 681 Christum
1230 658 1308 688 pure
1334 653 1471 689 negaret.

915 731 921 737 .
947 704 996 736 De
1017 704 1144 744 plumbo
1168 705 1262 743 plena

992 754 1064 790 post
1091 751 1167 782 haec
1191 751 1390 781 succenditur
1413 751 1485 785 olla,

948 801 1033 836 Quae
1056 805 1205 828 succensa
1228 805 1299 827 suos

994 843 1088 882 guttis
1114 842 1286 873 furentibus
1304 843 1392 882 ussit,

908 917 914 922 .
946 889 1008 921 Sed
1032 889 1092 920 sibi
1116 889 1160 920 nil
1184 889 1287 928 potuit

992 935 1150 966 succensio
1177 935 1247 965 dira
1269 943 1390 968 nocere.

1007 1045 1052 1076 In
1078 1047 1107 1078 2.
1135 1045 1358 1076 Nocturno.

1088 1118 1279 1152 Antiphonae.

913 1199 920 1206 .
947 1174 971 1206 Ο
996 1174 1076 1205 mira
1097 1175 1228 1213 insania,

945 1221 974 1251 A
995 1223 1085 1259 patre
1109 1221 1277 1252 tenerrima

946 1266 1138 1306 Flagellatur
1161 1266 1236 1306 filia,

945 1313 1023 1351 Quia
1045 1313 1167 1351 spernit
1187 1313 1283 1346 idola.

946 1368 1114 1400 Carnifices
1139 1368 1300 1399 credentes

945 1416 1093 1454 Inquiunt
1117 1413 1296 1453 praefecto:

946 1461 1011 1493 Nos
1035 1461 1102 1501 pati
1126 1461 1282 1500 supplicia

946 1507 1094 1548 Oupimus
1117 1516 1175 1546 pro
1201 1507 1335 1539 Christo.

913 1588 920 1595 .
945 1563 1034 1594 Tunc
1057 1563 1220 1603 praecepit
1245 1563 1407 1593 credentes

947 1609 1069 1641 Christo
1094 1617 1200 1640 omnes
1227 1609 1385 1650 decollari,

945 1656 1003 1694 Qui
1032 1664 1099 1687 cum
1124 1656 1228 1695 palma
1252 1655 1395 1694 martyrii

943 1703 1127 1734 Meruerunt
1153 1702 1305 1733 coronari.

1078 1776 1282 1811 Responsoria.

908 1859 915 1866 .
944 1833 1078 1865 Carcere
1102 1834 1207 1864 clausa
1230 1836 1344 1872 manet,

990 1880 1071 1911 hanc
1086 1878 1169 1911 infer
1187 1883 1327 1910 evertere
1343 1882 1486 1918 temptat,

945 1926 1040 1964 Quem
1065 1926 1204 1958 vinctum
1228 1927 1329 1956 tenuit

991 1975 1023 2003 et
1046 1972 1156 2004 vinclis
1181 1972 1249 2003 dire
1273 1973 1396 2013 cecidit,

874 2018 913 2050 V.
940 2019 989 2050 Ne
1010 2019 1081 2059 plus
1105 2019 1261 2060 multaret,

990 2066 1051 2097 sibi
1076 2065 1205 2097 crimina
1228 2066 1326 2097 multa
1350 2064 1477 2099 fatetur.

886 2123 917 2153 2.
943 2121 1072 2153 Hostem
1097 2124 1268 2153 tartareum

989 2176 1093 2199 secum
1116 2169 1206 2201 duxit
1229 2168 1392 2208 religatum

942 2215 991 2246 Ac
1014 2215 1046 2246 in
1071 2217 1190 2247 stercus
1216 2224 1285 2246 eum

989 2262 1120 2301 proiecit
1144 2262 1290 2294 sordibus
1312 2264 1448 2300 unctum,

873 2308 912 2341 V.
941 2307 993 2340 Sic
1016 2317 1138 2348 quoque
1163 2309 1311 2348 deceptus

991 2356 1135 2387 discessit
1160 2356 1292 2395 denique
1316 2354 1425 2387 victus·

212 2042 242 2073 3.
269 2039 467 2080 Coniugalem
492 2047 580 2071 suum
605 2037 725 2078 sprevit

268 2086 312 2118 Et
334 2086 419 2117 intra
443 2095 477 2117 se
503 2084 644 2117 decrevit

269 2133 360 2165 Idola
382 2134 483 2172 patris
508 2139 658 2170 respuere

269 2179 313 2211 Et
337 2179 461 2211 Christo
485 2179 552 2218 regi
577 2177 715 2209 credere.

409 2252 614 2288 Responsoria.

212 2312 242 2345 1.
269 2310 424 2350 Fulgebat
447 2312 556 2341 sancta

316 2357 433 2397 triplex
460 2357 553 2388 decus
577 2356 610 2387 in
634 2355 775 2387 Iuliana:
