1650 2542
711 126 964 161 -203—

382 209 409 240 3.
431 212 536 241 Caesar
555 218 588 242 ut
606 217 744 245 invictam
763 221 877 254 penitus
896 221 972 248 vidit
988 223 1186 259 Katharinam,

423 251 465 278 Ut
483 251 529 279 leo
549 253 672 282 crudelis
691 256 772 283 iubet
790 257 864 284 hanc
883 257 1042 294 discerpere
1061 263 1170 296 poenis.

197 292 255 319 Die
281 297 496 324 monastischen
520 299 588 326 Hss.
612 299 708 328 haben
733 300 750 329 6
770 301 815 328 ΑΑ
842 304 967 331 namlich
993 306 1039 333 die
1064 307 1124 334 drei
1150 308 1200 335 der
1224 307 1250 336 3.
1275 310 1357 337 Noct.
1396 312 1482 338 Dann

196 327 223 355 4.
245 330 378 359 Caesaris
398 334 540 370 intrepide
560 338 612 363 etc.
654 337 680 365 5.
700 339 766 366 Non
785 340 887 368 cedens
907 344 1016 370 meritis
1037 346 1089 371 etc.
1122 343 1148 371 6.
1170 345 1275 373 Caesar
1292 349 1325 373 ut
1342 349 1480 375 invictam

197 368 250 394 etc.
270 383 308 388 —
328 367 349 394 R
372 368 386 396 1
407 371 517 406 Impius
537 372 613 401 hanc
633 372 739 403 Caesar
759 379 811 404 etc.
827 377 868 413 A;
889 379 920 405 in
939 379 965 407 G
983 380 1031 407 Hh
1050 381 1076 408 Ii
1096 384 1163 409 etc:

377 417 411 443 R.
426 415 556 446 Christus
579 423 707 448 sanctam
726 424 876 451 tenebroso
896 426 1037 454 reclusam
1058 429 1200 462 ergastulo

424 455 499 482 Miro
520 458 591 484 satis
611 460 698 493 atque
716 468 820 495 magno
841 462 983 490 confortat
1001 464 1149 501 adloquio3

375 491 407 517 V.
426 490 519 527 Salve,
541 495 621 530 virgo
644 495 801 530 benedicta,
822 506 908 533 quam
928 499 1035 528 Christi
1055 505 1225 537 praesentia.

196 529 217 557 Β
240 531 258 559 2
278 534 368 571 Virgo
388 537 551 572 flagellatur
571 542 623 567 etc.
643 542 682 576 A3
704 543 727 570 O
748 551 834 578 quam
853 544 950 573 felices
971 550 1024 574 etc.
1043 548 1093 575 Hh
1113 550 1152 583 1i3
1175 551 1206 576 in
1226 550 1265 578 G:

376 584 410 610 R.
424 585 552 621 Angelus
572 588 682 615 interea
701 588 860 617 descendit:
881 592 971 627 Virgo
991 594 1085 628 beata,

422 623 466 650 Ne
485 624 596 658 timeas,
619 626 722 661 inquit,
742 635 801 653 non
820 629 848 654 te
867 630 918 663 pia
935 632 1030 664 gratia
1049 631 1161 667 linquit,

374 659 410 685 V.
426 659 595 688 Confortans
615 664 742 690 teneram
762 664 887 692 Michael
907 667 1057 701 splendore
1075 670 1209 704 puellam.

193 698 214 726 R
235 699 253 729 3
273 703 425 733 Horrendo
445 707 595 735 subdenda
614 712 666 735 etc.
686 709 725 744 A3
747 709 770 736 O
792 718 877 745 quam
896 712 994 740 felices
1015 716 1067 741 etc.
1088 714 1126 750 (ᾖ
1147 717 1178 742 in
1197 717 1247 743 Hh
1265 718 1292 744 Ii
1312 720 1379 745 etc.:

373 752 408 779 R.
423 752 533 788 Corpus
553 755 722 790 virgineum,
744 755 852 783 Christi
871 760 1036 787 venerabile
1054 761 1199 797 templum,

457 791 557 818 Monte
576 791 648 819 Sina
667 793 798 828 angelico
819 794 950 822 conditur
970 797 1116 832 obsequio,

372 827 408 854 V.
421 827 515 855 Purus
534 829 566 855 in
585 829 720 856 aetherea
738 838 803 857 cum
822 833 930 859 sanctis
950 834 1069 869 spiritus
1089 836 1165 863 aula.

190 867 211 896 R
230 869 250 897 4
268 874 427 907 prosaisch.
446 874 480 901 A.
501 889 538 893 —
557 875 597 901 In
619 873 645 902 3.
667 876 717 903 No
728 878 769 903 ct.
792 878 842 904 Hh
861 878 887 904 Ii
905 878 1000 906 haben
1020 880 1153 916 folgende
1171 880 1189 910 3
1209 882 1271 910 AA:

372 918 397 947 1.
420 919 491 947 Cum
510 924 593 948 coetu
612 923 743 957 virgineo
764 924 919 952 adveniens
939 926 1066 954 salvator

416 957 545 992 Sponsus
566 967 701 994 sponsam
720 961 768 995 pie
787 962 895 994 visitat,
919 964 1084 991 consolatur
1102 968 1130 992 et
1149 967 1282 994 roborat:

418 994 558 1023 Constans
579 998 649 1029 esto,
669 997 719 1032 ait,
739 999 833 1024 tecum
853 1007 904 1034 ego
925 1007 997 1033 sum,
1017 1001 1091 1028 nihil
1110 1010 1227 1037 paveas.

369 1039 395 1067 2.
414 1042 544 1077 Virginis
565 1051 601 1069 ex
621 1043 692 1076 oleo,
711 1044 788 1078 quod
806 1047 905 1072 manat
923 1054 1041 1081 corpore
1061 1050 1171 1081 sancto,

416 1078 501 1106 Certa
519 1080 633 1107 medela
651 1080 742 1114 datur,
763 1082 856 1108 morbi
875 1090 965 1117 genus
986 1092 1070 1111 omne
1088 1085 1210 1121 fugatur.

368 1121 395 1151 3.
415 1125 485 1159 Ave,
511 1127 594 1161 virgo
614 1127 753 1162 speciosa,
775 1128 881 1155 clarior
900 1129 1050 1164 sideribus,

415 1161 502 1189 Cuius
522 1164 635 1190 vultum
654 1171 688 1190 ac
708 1164 839 1192 decorem
858 1168 1023 1202 concupivit
1041 1169 1192 1203 Dominus,

414 1199 513 1227 Funde
533 1209 631 1235 preces
652 1203 774 1228 creatori
793 1211 844 1237 pro
862 1204 920 1230 tuis
940 1205 1128 1240 supplicibus.

181 1242 237 1269 Die
256 1245 471 1273 monastischen
483 1247 551 1274 Hss.
572 1247 667 1274 haben
686 1248 722 1274 acl
735 1247 815 1275 Cant.
835 1249 904 1276 bald
923 1251 988 1277 eine
1001 1253 1166 1286 prosaische
1180 1252 1202 1280 Α
1218 1253 1271 1290 (A),
1291 1255 1373 1282 bald:
1398 1255 1467 1287 Ave,

180 1280 262 1315 virgo
282 1282 414 1316 speciosa
433 1285 486 1310 etc.
507 1282 561 1318 (G).
581 1298 618 1302 —
639 1282 659 1310 R
682 1283 696 1311 l
717 1285 763 1311 Ex
783 1286 845 1313 eius
866 1288 972 1321 tumba,
993 1297 1048 1315 nur
1068 1290 1146 1318 diese
1161 1292 1262 1319 Worte
1281 1292 1319 1326 G?
1339 1293 1467 1328 Angelus

181 1317 293 1344 interea
312 1321 364 1345 etc.
384 1320 434 1347 Hh
453 1321 494 1356 113
518 1321 543 1348 A
562 1321 614 1348 hat
632 1322 683 1348 das
703 1322 850 1357 folgende:

363 1365 397 1392 R.
414 1366 501 1402 Virgo
521 1367 646 1402 prudens
667 1370 696 1395 et
715 1368 808 1395 electa
824 1370 882 1397 Dei
901 1372 1045 1405 sapientia

410 1402 563 1431 oratorum
583 1408 750 1439 argumenta
769 1407 841 1433 vicit
859 1409 889 1434 et
907 1410 1059 1443 versutias,

363 1440 397 1466 V.
411 1440 454 1468 Ab
476 1441 578 1477 angelo
599 1442 766 1479 confortata,
786 1444 873 1479 plena
892 1445 947 1472 Dei
966 1448 1069 1481 gratia.

182 1481 202 1508 Β
224 1482 241 1510 2
262 1484 286 1511 Ο
306 1494 391 1520 quam
411 1487 509 1515 felices
529 1490 582 1515 etc.
601 1488 640 1524 A3
663 1488 773 1524 Corpus
792 1491 955 1526 virgineum
975 1495 1027 1520 etc.
1048 1494 1085 1521 G:
1106 1494 1234 1531 dagegen
1252 1496 1301 1523 Hh
1320 1497 1348 1523 Ii
1369 1499 1435 1523 etc:

362 1533 396 1560 R.
410 1533 510 1569 Surge,
531 1536 622 1571 virgo,
643 1538 672 1562 et
689 1538 802 1563 nostras
822 1546 927 1572 sponso
948 1547 1046 1574 preces
1066 1542 1154 1576 aperi,

407 1572 470 1598 Tua
489 1580 547 1599 vox
566 1574 610 1599 est
629 1572 721 1600 dulcis
742 1574 774 1600 in
793 1582 861 1602 aure
881 1576 1008 1609 Domini,

407 1609 488 1641 Quae
506 1617 612 1644 pausas
633 1610 685 1637 sub
707 1611 809 1638 umbra
828 1612 935 1646 dilecti,

407 1646 450 1673 Ab
473 1649 555 1674 aestu
573 1647 673 1674 mundi

405 1684 541 1712 Transfer
560 1693 612 1711 nos
632 1684 669 1711 ad
688 1693 811 1713 amoena
828 1687 964 1722 paradisi,

156 1732 192 1750 ,ι-
536 1722 570 1750 V.
586 1722 709 1750 Pulchre
730 1722 800 1750 Sion
819 1723 881 1751 filia

585 1760 641 1787 Pro
661 1761 777 1788 mortali
797 1763 896 1789 tunica

585 1797 663 1832 Agui
681 1799 759 1825 tecta
776 1799 884 1827 vellere

585 1834 626 1861 Et
644 1843 751 1862 corona
768 1836 887 1872 gloriae.

175 1875 195 1903 R
216 1876 234 1905 3
254 1878 278 1905 Ο
298 1881 390 1906 mater
408 1882 507 1907 nostra
527 1883 578 1908 etc.
600 1882 638 1916 A;
659 1882 800 1910 Percussa
818 1884 917 1919 gladio
938 1887 991 1912 etc.
1011 1886 1048 1921 ἃς
1070 1887 1120 1914 Hh
1139 1887 1181 1914 Ii:

346 1926 380 1953 R.
401 1927 425 1954 O
445 1925 553 1954 Christi
572 1929 672 1963 pietas,
694 1937 710 1956 0
730 1931 822 1957 virtus
843 1934 929 1967 atque
948 1935 1084 1968 potestas,

403 1964 533 2001 Virginis
554 1974 589 1992 ex
608 1967 742 1994 membris
763 1969 838 1995 sacri
857 1969 922 1996 fluit
940 1970 1017 1997 unda
1036 1971 1167 2006 liquoris,

401 2002 485 2030 Unde
504 2001 574 2030 fides
594 2005 688 2040 aegris
707 2005 834 2032 infundit
852 2006 928 2034 dona
943 2008 1059 2043 salutis;

346 2040 381 2067 V.
403 2040 531 2076 Virginis
551 2041 587 2068 ob
607 2042 741 2069 meritum
759 2045 856 2070 manet
875 2044 929 2071 hoc
947 2046 1134 2073 memorabile
1152 2048 1274 2083 signum.

171 2082 192 2111 R
217 2084 237 2113 4
261 2087 411 2121 prosaisch
431 2088 470 2123 A3
498 2088 522 2116 Ο
548 2091 640 2116 mater
664 2092 764 2117 nostra
790 2092 842 2118 etc.
863 2091 896 2119 G.
919 2108 956 2112 —
981 2093 1020 2120 In
1045 2094 1153 2122 Laud.
1181 2094 1203 2121 Α
1228 2093 1244 2122 5
1264 2095 1327 2122 Iam
1348 2096 1456 2124 Christi

169 2122 328 2151 thalamum
348 2127 401 2151 etc.
423 2125 460 2160 G;
481 2125 531 2153 Hh
550 2125 575 2153 Ii
594 2126 690 2154 haben
709 2127 804 2155 daffir:

573 2173 728 2200 Decollata
748 2176 875 2210 martyre
893 2177 997 2205 inclita

572 2210 633 2237 Lac
650 2213 750 2238 manat
768 2212 804 2240 de
822 2215 934 2241 cervice
953 2215 1077 2243 candida

570 2248 606 2275 In
624 2250 821 2277 testimonium

569 2285 729 2322 virginalis
749 2288 944 2324 innocentiae;

569 2323 671 2350 Gloria
691 2325 754 2357 tibi,
773 2326 919 2361 virginum

570 2359 701 2395 Amator,
720 2362 853 2389 Domine.
