1650 2542
721 162 973 198 ——158—

279 262 422 305 Ungitur,
454 270 514 293 non
538 261 638 292 uritur

327 308 401 340 Oleo
425 307 573 346 fervente,

326 355 390 393 Quo
414 354 539 385 iubente

282 400 377 439 Lapis
402 400 433 431 iu
458 407 608 439 gemmam
632 397 781 436 veititur3

243 471 249 477 .
280 446 335 477 Fit
358 449 387 476 et
412 455 519 477 aurum
543 445 640 476 silvae
663 444 789 483 lignum,

282 492 305 523 Ο
331 492 462 523 amicum
485 491 552 522 Deo
578 490 713 528 dignum.

250 572 256 579 .
285 546 423 577 Nascens
446 546 551 577 Maria
570 544 673 575 media

283 591 392 623 Gratia
422 592 461 623 de
484 591 592 631 gratia,

283 638 435 669 Iohannes
463 638 502 669 de
525 639 626 674 Anna,

328 683 455 721 Quando
477 685 574 721 tonat,

328 728 426 760 Nobis
456 730 551 760 donat

283 774 379 805 Verbi
403 775 464 806 Dei
484 782 614 813 manna3

248 844 255 851 .
285 819 401 850 Christi
423 820 511 850 testis
535 819 587 849 hic
611 819 751 850 caelestis

329 865 450 896 Fistula
475 866 524 896 vel
549 873 655 897 canna.

249 945 257 952 .
282 920 319 951 In
344 920 416 951 navi
439 922 560 959 patrem
585 920 740 958 descrens,

285 965 353 997 Deo
378 974 412 996 se
435 968 534 996 totum
558 964 699 1006 offerens,

331 1011 462 1042 Relictis
487 1011 627 1041 omnibus

330 1056 422 1096 Navi,
447 1059 546 1095 patre,
573 1056 701 1095 retibus,

331 1102 532 1140 Coassumpto
556 1100 656 1132 fratre

245 1172 252 1178 .
280 1148 357 1178 Mox
380 1147 527 1179 Messiam
553 1148 700 1189 sequitur,

286 1193 376 1230 Quod
400 1192 638 1232 repromittitur.

250 1270 258 1277 .
282 1247 381 1278 Rorat
405 1248 533 1287 caelum,
559 1247 656 1278 nubes
681 1247 770 1286 pluit,

330 1293 431 1324 Filius
455 1293 584 1325 tonitrui

286 1339 387 1370 Mittit
411 1340 516 1382 telum,
541 1339 640 1371 hostis
665 1339 727 1369 ruit

331 1384 420 1416 Sacri
444 1386 607 1426 evangelii,

286 1431 331 1463 Ut
355 1434 419 1462 tres
443 1432 496 1463 isti

285 1478 475 1509 Antichristi

333 1523 446 1562 Ebion,
474 1524 618 1556 Cerintus

250 1596 257 1603 .
286 1570 329 1601 Et
353 1570 506 1612 Marcion,
531 1569 690 1611 haeretici,

287 1616 404 1649 Christi
428 1617 528 1647 crucis
551 1615 679 1655 inimici,

286 1663 414 1694 Zizania
433 1663 625 1694 seminantes

289 1710 326 1741 In
352 1709 454 1740 medio
479 1708 587 1740 tritici.

358 1819 402 1857 Ln
429 1820 460 1852 2.
485 1818 710 1850 Nocturno.

424 1891 628 1926 Responsoria.

253 1977 258 1983 .
285 1950 379 1988 Ecce,
405 1957 483 1987 puer
506 1947 712 1986 praeelectus,

288 1997 369 2027 Puer
394 1994 517 2027 Christo
541 1992 763 2031 praedilectus,

290 2041 384 2072 Cuius
411 2039 527 2070 cubans
551 2046 646 2076 supra
667 2040 776 2075 pectus

330 2085 445 2116 Hausit
470 2084 576 2114 divina
599 2083 757 2121 mysteria.

247 2158 254 2165 .
285 2132 419 2162 Videant
445 2129 520 2160 recti

285 2177 386 2215 Super
415 2184 469 2206 cor
494 2174 600 2205 dilecti

286 2222 423 2255 Positum
450 2219 634 2258 discipulum

284 2268 387 2301 Veluti
411 2265 611 2305 signaculum.

250 2349 256 2356 .
282 2323 376 2360 Tuus.
403 2320 535 2358 Christe,
561 2317 621 2349 fuit
644 2319 704 2350 iste

329 2368 428 2399 Filius
452 2367 647 2406 materterae,

880 439 919 471 V.

943 252 1097 291 Cognatus
1122 249 1287 288 baptistae,

946 299 1041 337 Virgo
1064 305 1192 328 manens
1217 294 1275 326 tibi
1298 294 1416 333 gratus,

946 343 1182 382 paranymphus
1206 350 1264 380 pro
1287 342 1319 371 te
1342 339 1433 371 datus

992 389 1114 429 Virgini
1137 395 1320 429 puerperae,

948 437 1100 469 Iohannes
1122 434 1280 474 apostolus

994 483 1039 514 Et
1062 480 1261 520 evangelista,

944 530 1072 561 Electus
1099 526 1279 565 discipulus,

993 573 1121 607 Domini
1145 572 1315 612 symmista.

942 629 1092 669 Aquilina
1114 626 1211 658 facies

945 676 1110 708 Oculorum
1134 673 1217 705 acies

991 720 1117 753 Direxit

944 769 981 801 1n
1007 770 1106 798 rotam
1130 765 1215 804 solis,

945 814 1008 846 Ubi
1032 812 1120 844 verbi
1141 811 1201 843 Dei
1225 810 1323 850 prolis

997 860 1125 891 Secreta
1150 857 1288 898 detexit,

945 905 1108 944 Seraphim
1134 904 1218 934 velat

993 952 1120 983 Vultum
1144 950 1215 989 Dei,

993 996 1149 1029 Zebedaei

945 1044 1046 1075 Filius
1069 1042 1199 1074 revelat.

949 1099 1010 1130 Hic
1035 1100 1082 1129 est
1104 1097 1161 1128 ille
1185 1094 1369 1133 discipulus,

949 1146 1047 1184 Quam
1070 1143 1184 1174 amoris
1209 1141 1317 1172 titulus

995 1188 1223 1228 Privilegiavit,

998 1235 1093 1273 Quem
1118 1234 1233 1265 cibavit

950 1282 1036 1313 Pane
1058 1281 1141 1311 vitae
1165 1283 1197 1310 et
1218 1279 1406 1310 intellectus.

952 1327 1093 1358 Dilectus

953 1372 1069 1403 Haurit
1093 1372 1133 1403 de
1156 1371 1250 1410 plena

956 1418 1047 1450 Vitae
1069 1426 1149 1449 vena

957 1464 1111 1496 Iohannes
1133 1463 1167 1494 in
1191 1470 1277 1493 cena.

1018 1585 1062 1616 In
1087 1585 1118 1616 3.
1143 1583 1368 1614 Nocturno.

1093 1655 1295 1690 Responsoria.

958 1712 1036 1744 Caro
1060 1712 1112 1742 isti
1137 1713 1237 1741 mater
1261 1709 1376 1740 Christi

1000 1757 1103 1789 Verbo
1128 1755 1253 1787 Domini

956 1802 1204 1842 Commendatur,
1230 1803 1332 1832 custos
1358 1800 1450 1831 datur

1000 1849 1095 1888 Virgo
1119 1847 1241 1889 virgini,

952 1895 1065 1926 Divino
1091 1893 1219 1925 consilio

952 1940 1052 1971 Filius
1076 1948 1133 1978 pro
1157 1938 1222 1969 filio

1001 1985 1250 2018 Commendatur,

953 2041 1106 2074 Iohannes
1132 2039 1263 2070 dilectus
1286 2037 1346 2068 Dei

953 2087 998 2119 Ob
1025 2085 1197 2117 doctrinam
1220 2083 1294 2114 fidei

949 2132 1087 2164 Mittitur
1110 2130 1143 2160 in
1169 2130 1294 2172 dolium,

949 2177 1044 2208 Vadit
1066 2176 1099 2207 in
1124 2175 1284 2215 exsilium3

952 2223 1036 2254 Caeli
1062 2222 1134 2254 dum
1160 2222 1242 2261 girat
1265 2222 1426 2263 ambitum⁷

949 2269 1065 2300 Manna
1089 2270 1194 2306 gustat
1217 2268 1445 2307 absconditum,

947 2314 1007 2347 Ubi
1034 2313 1191 2345 Christum
1215 2315 1335 2347 habens
1361 2314 1470 2345 ducem

949 2360 1076 2392 Secreta
1104 2361 1255 2399 produxit
1278 2361 1311 2392 in
1335 2361 1446 2394 lucem.
