1650 2542
657 127 883 162 ,63-

258 222 304 253 In
329 223 361 253 2.
386 222 598 260 vesperis.

305 302 350 330 Ad
368 303 545 339 Magnificat.

119 361 158 393 A.
188 360 345 392 Generosa
369 360 456 399 virgo
482 360 659 399 Gertrudis,

190 407 372 446 Supplicum
396 415 519 446 semper

237 452 420 484 fidelissima
444 454 644 491 consolatrix,

857 223 894 255 111
918 224 950 253 te
974 221 1062 253 nobis
1086 222 1195 260 portus
1220 220 1339 261 salutis,

856 268 909 300 Ad
933 271 964 299 te
989 268 1156 299 clamantes

903 314 1024 357 exaudi,
1052 322 1204 353 rogamus,

858 361 901 393 Et
923 360 1179 400 misericordiam,

903 416 994 446 quam
1020 407 1059 438 de
1082 409 1114 437 te
1137 405 1363 447 praedicamus,

857 454 912 485 Pie
935 453 1112 485 sentiamus.

195 516 264 544 Ood.
283 517 376 544 Palat.
398 516 598 544 Vindoboncn.
618 515 692 544 4715
712 525 786 544 saec.
809 515 852 545 15.

541 626 588 657 20.
622 627 663 657 Dc
683 628 791 657 sancta
815 627 972 658 Gertrutle.

251 696 310 727 Ad
334 696 595 728 Matutinum.

318 769 528 796 Invitatorium.

191 825 249 861 Qui
273 824 333 855 sibi
359 824 545 856 Gertrudem

237 879 380 910 sponsam
407 870 532 911 delegit,
557 871 668 902 adoret

189 916 233 947 Et
258 916 339 947 colat
360 919 391 947 et
414 917 523 947 timeat

233 963 336 993 contio
360 965 468 994 nostra
491 962 600 996 Deum.

242 1054 288 1085 In
315 1055 344 1086 1.
370 1054 596 1088 Nocturno.

318 1128 520 1162 Responsoria.

131 1183 159 1215 1.
190 1183 215 1215 Ο
240 1191 314 1214 vere
333 1183 482 1224 prudens,

227 1238 244 1260 o
269 1238 342 1260 vere
365 1230 453 1269 virgo
478 1230 579 1272 beata,

184 1276 375 1315 Ignivomam
400 1284 567 1307 occurrens

227 1330 341 1361 sponso
348 1323 722 1363 quaelampadasumpsit,

184 1367 265 1399 Nam
290 1368 380 1410 bona,
406 1378 485 1408 quae
509 1370 614 1409 gessit,

231 1413 362 1445 flammis
385 1415 496 1455 ignivit
520 1416 633 1447 amoris

185 1460 268 1501 Divi,
293 1469 356 1492 non
379 1461 481 1492 laudis

232 1516 382 1546 quaerens
406 1508 533 1539 aliunde
557 1508 704 1547 nitorcm3

115 1552 151 1583 V.
182 1553 273 1584 Hanc
296 1553 447 1585 Dominus
472 1554 597 1586 veniens

226 1599 347 1631 invenit
368 1600 414 1631 sic
440 1601 628 1640 vigilantem.

125 1655 155 1687 2.
182 1654 206 1686 O
232 1655 358 1686 nimium
384 1653 461 1686 felix

230 1705 276 1732 est
303 1702 416 1732 donum
440 1702 639 1743 virginitatis,

180 1747 320 1779 Subdola
342 1749 460 1780 versuti

230 1803 289 1833 quo
314 1793 399 1825 fraus
425 1795 552 1827 eliditur
577 1796 674 1827 hostis

182 1840 257 1872 Cum
282 1844 408 1879 praeter
433 1850 556 1873 carnem

230 1895 301 1919 caro
328 1887 405 1920 vivit
430 1889 548 1920 caelibe
570 1889 643 1928 vita,

109 1934 146 1967 V.
179 1934 223 1965 Et
245 1943 304 1973 pro
329 1935 464 1966 terrenis

224 1981 371 2013 caelestia
395 1990 492 2021 regna
515 1984 690 2022 patescunt.

120 2037 150 2068 3.
181 2037 318 2077 Virginis
344 2037 475 2069 eximiae

225 2083 392 2115 Gertrudis
417 2082 499 2116 festa
524 2085 660 2116 colentes

175 2130 356 2162 Altithrono
382 2131 448 2170 regi

222 2177 377 2209 solvamus
403 2178 509 2211 debita
532 2178 645 2218 laudis,

106 2223 144 2255 V.
176 2223 205 2254 A
231 2232 290 2262 quo
316 2226 496 2256 cunctorum

221 2270 364 2308 procedit
387 2271 473 2311 origo
492 2271 662 2305 bonorum.

676 1822 684 1838 7

939 697 983 728 In
1016 695 1238 727 Laudibus.

1000 778 1190 813 Antiphonae.

796 835 825 867 1.
853 834 925 866 Vita
950 835 1080 866 duarum
1104 835 1206 874 agitur

898 881 1020 919 gemina
1031 881 1062 911 in
1074 880 1230 912 Gertrude
1242 889 1390 920 sororum,

851 926 1006 959 Fervidus
1031 929 1121 966 urget
1142 935 1239 965 amor,

897 973 1075 1004 sollicitudo
1099 973 1223 1011 premit.

816 1062 822 1068 .
850 1036 1003 1074 Quantum
1027 1037 1126 1068 crevit
1150 1046 1237 1076 onus,

897 1085 1016 1114 tantum
1042 1083 1165 1115 devotio
1191 1085 1297 1122 crevit,

851 1128 969 1160 Cuncta
991 1138 1050 1168 per
1072 1130 1132 1160 hoc
1155 1128 1224 1160 fieri

895 1176 1094 1215 prosperiora
1118 1179 1218 1215 putat.

794 1245 823 1271 ἱ.
850 1240 1016 1272 Exteriora
1040 1241 1103 1271 suis

898 1288 952 1318 dat
975 1295 1114 1326 quaeque
1138 1286 1282 1318 fidelibus
1306 1288 1388 1327 apte,

849 1332 1068 1372 Dispensanda
1091 1336 1199 1364 tenens

894 1380 1045 1411 interiora
1068 1379 1137 1410 sibi.

817 1470 823 1476 .
850 1444 970 1475 Taliter
993 1445 1124 1475 internis

896 1493 1024 1522 externa
1048 1491 1187 1530 aptabat,
1212 1492 1246 1521 ut
1272 1492 1355 1521 esset

851 1537 915 1569 Par
940 1545 1014 1577 erga
1039 1537 1200 1570 Christum

898 1584 998 1614 cultus
1023 1587 1054 1614 et
1076 1593 1155 1615 unus
1180 1591 1277 1615 amor.

819 1675 825 1681 .
851 1648 968 1688 Magna
993 1649 1086 1680 datur
1110 1648 1199 1679 nobis

899 1695 1023 1726 divinae
1048 1695 1138 1735 copia
1161 1695 1263 1727 laudis

851 1741 1030 1780 Normaque
1053 1741 1177 1772 virtutis

895 1788 1025 1828 virginis
1050 1788 1139 1819 huius
1164 1796 1233 1828 opc.

964 1880 1009 1907 Ad
1028 1880 1209 1908 Benedictus.

810 1971 818 1979 .
847 1948 925 1979 Post
945 1947 1029 1978 vitae
1053 1955 1176 1978 cursum

894 1992 1017 2033 fragilis
1043 1995 1198 2033 durosque
1219 1994 1343 2026 labores

850 2039 1016 2072 Gertrudis
1041 2042 1145 2080 posuit

894 2085 1000 2119 flebile
1025 2088 1127 2119 carnis
1155 2097 1241 2126 onus,

847 2134 946 2166 Laeta
972 2137 1076 2166 tamen
1101 2133 1224 2174 perfert

894 2181 973 2212 lucis
999 2182 1167 2214 discrimen
1191 2181 1318 2218 amicae,

852 2227 988 2259 Cernere
1009 2237 1078 2259 cum
1103 2229 1197 2260 liceat

898 2274 960 2305 iam
985 2275 1053 2307 sine
1075 2278 1167 2307 nocte
1189 2275 1279 2309 diem.

176 2343 294 2379 Antiph.
315 2352 366 2372 ms.
387 2353 461 2372 saec.
483 2344 525 2373 16.
566 2346 633 2374 Cod.
653 2346 788 2375 Hafnien.
809 2348 856 2383 Ny
875 2348 972 2385 kongl.
993 2349 1022 2377 S.
1042 2348 1069 2377 8.
1093 2347 1175 2377 3449.
