1650 2542
227 241 267 272 V.
296 239 393 278 Iesus,
417 238 539 269 Mariae
561 236 653 276 filius,

344 285 390 315 Te
413 284 536 316 vocavit
559 284 714 323 Iacobum,

295 331 338 362 Ut
362 338 444 361 esses
469 338 541 361 suus
566 338 673 361 servus

341 376 386 407 Te
411 376 491 408 dixit
512 376 699 408 intercisum.

356 496 401 526 In
426 496 456 527 3.
482 494 704 526 Nocturno.

434 575 477 602 Ad
498 574 623 602 Cantica.

226 632 265 663 A.
298 632 362 663 Iste
385 640 483 663 novus
507 633 626 671 martyr
650 640 729 663 novo

343 677 498 716 Martyrio
524 678 697 717 decoratur,

297 723 383 754 Inter
407 726 528 755 sanctos
553 727 678 755 sanctus
703 723 779 755 solio

345 770 382 801 In
409 770 535 801 caelesti
559 773 732 802 coronatur.

427 852 627 886 Responsoria.

246 908 274 940 1.
299 907 508 946 Manuumque
532 908 645 947 pedum
671 909 760 948 digiti

341 953 527 984 Frustratim
553 954 785 994 abscinduntur,

297 999 436 1039 Humeri,
464 1008 555 1030 crura
579 1002 610 1031 et
633 1001 751 1033 lacerta

341 1046 438 1077 Busto
463 1046 645 1084 evelluntur,

298 1090 377 1129 Quot
400 1091 570 1129 scripturas
594 1092 739 1124 abscis‘ffls

345 1137 449 1175 digitis
474 1137 627 1176 allegasti.

299 1184 464 1214 Precemur
492 1191 564 1222 ergo
588 1183 743 1225 Iacobum,

296 1228 341 1260 Ut
363 1228 538 1260 intercedat

341 1283 397 1313 pro
421 1274 509 1305 nobis
534 1275 575 1307 ad
598 1276 774 1310 Dominum.

227 1319 264 1350 V.
290 1321 354 1351 Iste
378 1324 501 1351 sanctus

341 1375 468 1405 magnus
492 1370 663 1410 reputatur,

298 1412 373 1444 Cum
396 1412 428 1442 in
454 1413 538 1443 caelo

342 1461 460 1498 martyr
485 1462 659 1491 coronatur.

239 1532 269 1562 2.
295 1530 356 1561 Hic
379 1531 521 1571 simplex,
547 1536 658 1575 rectus,
685 1534 818 1577 humiliS‚

295 1576 355 1607 Dei
380 1578 479 1609 cultor
503 1579 656 1618 amabilis,

297 1623 384 1653 Inter
408 1624 540 1656 adversa
562 1625 696 1666 patiens,

296 1668 382 1699 Inter
403 1678 553 1708 prospera
575 1671 709 1710 sapiens,

227 1713 264 1744 V.
292 1714 354 1744 Hic
377 1715 485 1747 literas
510 1716 619 1748 habuit

342 1760 371 1790 A
397 1763 556 1800 matreque
579 1771 676 1795 uxore

296 1805 339 1836 Et
363 1806 464 1837 subito
488 1808 637 1847 ingemuit

341 1851 478 1884 Attritus
504 1854 620 1886 dolore.

390 1972 436 2003 In
457 1973 684 2008 Laudibus,

442 2054 631 2089 Antiphonae.

247 2109 275 2140 1.
302 2109 470 2140 Intercisus
494 2111 555 2142 iam
579 2111 736 2150 perfectus

345 2155 451 2187 Credit
477 2164 543 2187 cum
568 2161 670 2189 mente
691 2160 791 2191 solida

296 2200 340 2231 Et
363 2202 478 2233 virtute
502 2204 743 2244 circumsaeptus

347 2247 481 2279 Praebet
504 2250 612 2281 salutis
637 2252 764 2285 monita.

828 144 895 177 136
944 162 987 167 ——

901 238 931 268 2.
957 235 1073 267 Laetus
1097 235 1129 266 in
1156 235 1251 266 caelis
1275 233 1396 273 iubilat,

1001 281 1080 319 Quia
1103 282 1203 313 laetus
1227 280 1366 321 servivit,

956 327 1000 359 Et
1021 328 1104 359 inter
1126 331 1248 359 sanctos
1273 327 1391 363 rutilat,

1002 373 1084 404 Dum
1108 374 1140 405 in
1166 374 1267 405 caelos
1291 372 1442 404 introivit.

900 430 930 462 3.
955 429 1114 468 Manuque
1138 437 1228 460 crure
1252 427 1398 460 abscissis

1002 476 1103 506 1nstat
1126 475 1261 506 bellator
1284 476 1439 512 strenuus,

957 520 1073 553 Contra
1092 521 1223 561 hostem,
1248 528 1353 560 regem
1378 519 1493 561 Persis,

1002 567 1158 607 Pugnavit
1181 568 1271 598 miles
1297 566 1442 606 optimus.

901 624 931 654 4.
959 622 1004 654 Te
1027 622 1218 654 benedicunt

1005 671 1133 699 cunctae
1158 671 1330 707 creaturae,

957 714 1064 754 Teque
1089 714 1310 746 commendant

1004 761 1128 792 divinae
1153 760 1338 799 scripturae.

900 818 930 849 5.
956 816 1042 855 Tuis,
1068 818 1168 855 pater,
1195 816 1241 846 sic
1265 816 1378 847 assiste

1004 861 1077 893 filiis
1102 861 1312 904 precantibus,

957 909 1003 941 Ut
1024 909 1145 939 locetur
1168 908 1280 939 chorus
1303 908 1364 939 iste

1003 954 1125 987 Sanctis
1149 954 1180 985 in
1208 954 1402 987 caelestibus,

1072 1035 1118 1062 Ad
1136 1036 1317 1063 Benedictus.

887 1093 926 1123 A.
957 1092 980 1124 O
1006 1093 1098 1124 beata
1121 1093 1294 1132 provincia,

959 1139 983 1171 Ο
1008 1139 1101 1170 beata
1125 1139 1265 1177 ecclesia,

954 1185 992 1216 In
1018 1194 1079 1225 qua
1101 1185 1242 1216 intercisi

1003 1230 1103 1271 fulget
1125 1231 1283 1270 memoria,

956 1277 1070 1308 Beatus
1095 1278 1181 1309 locus

1002 1323 1157 1355 honorans
1181 1325 1361 1363 martyrem,

957 1370 1072 1401 Beatus
1097 1370 1198 1400 clerus

1005 1416 1145 1447 exaltans
1169 1417 1356 1457 praesulem,

956 1461 1048 1492 Felix
1071 1464 1171 1501 pater,

1003 1516 1151 1539 succurre
1174 1509 1306 1547 miseris,

955 1553 1000 1585 Ut
1023 1553 1131 1585 felices

1003 1600 1167 1640 iungamur
1192 1602 1323 1640 superis,

1023 1710 1067 1741 In
1090 1712 1122 1743 2.
1148 1712 1363 1750 Vesperis.

1068 1783 1112 1810 Ad
1134 1784 1312 1820 Magm’ficat.

888 1838 927 1870 A.
958 1839 982 1871 O
1008 1839 1099 1871 beate
1121 1840 1236 1872 lacobe
1257 1842 1415 1885 intercise,

959 1885 1017 1923 Qui
1040 1886 1314 1925 providentissime

958 1932 1108 1964 Errorem
1132 1936 1346 1972 cognoscendo

959 1978 1003 2009 Et
1026 1988 1130 2010 amare
1153 1978 1257 2012 flendo

959 2024 1051 2056 Nunc
1067 2034 1134 2056 cum
1149 2025 1272 2058 Christo
1289 2027 1434 2059 thronum
1455 2031 1501 2059 te-

1341 2082 1397 2105 nes

962 2117 1000 2148 In
1025 2117 1153 2147 caelesti
1176 2117 1272 2157 curia,

961 2162 1127 2194 Servorum
1152 2164 1395 2202 supplicantium

959 2208 1084 2239 Exaudi
1104 2217 1225 2248 preces,

962 2254 1007 2286 Ut
1029 2253 1228 2293 perfruamur
1248 2259 1360 2298 gratia.

301 2311 383 2337 Brev.
412 2320 463 2338 ms.
483 2312 752 2342 Vallumbrosanum
772 2324 846 2343 saec.
868 2315 911 2343 15.
951 2317 1019 2344 Ood.
1038 2318 1224 2347 Laurentian.
1246 2321 1335 2349 Conv.
1357 2331 1419 2358 sup.
1439 2323 1503 2352 456.

226 2348 260 2374 A.
286 2362 323 2367 —
349 2349 432 2375 Brev.
457 2357 508 2376 ms.
533 2350 803 2380 Vallumbrosanum
827 2362 901 2381 saec.
931 2352 974 2381 15.
1019 2353 1087 2382 Cod.
1113 2356 1299 2386 Laurentian.
1326 2360 1414 2387 Conv.
1440 2369 1503 2397 sup.
