1650 2542
662 114 891 149 -69-

205 204 261 235 Fit
280 206 464 245 praeclarae
488 208 573 239 sedis
599 217 710 247 comes,

208 249 301 282 Cuius
326 251 395 283 sedi
420 252 515 292 digna
539 263 653 295 oomeS,

247 297 378 329 Assidet
401 298 533 339 iustitia,

133 342 171 374 V.
201 343 239 375 In
263 352 323 383 quo
347 343 425 376 vivit
449 345 532 376 vitae
556 345 654 378 fomes

249 390 429 421 Moriuntur
450 391 538 424 vitia.

150 446 180 478 2.
207 444 317 476 Comes
341 448 450 485 raptus
475 447 517 478 ad
543 447 698 488 ducatum,

201 491 275 523 Dux
297 492 339 524 ad
362 493 451 532 regni
474 494 684 534 principatum

248 537 355 577 Surgit
377 540 623 582 potentissimus,

203 584 248 616 Ut
274 584 313 615 de
336 585 438 624 gradu
460 586 597 625 positivo

203 630 278 662 Fiat
300 631 333 661 in
357 632 549 672 superlativo

248 676 392 720 Magnus,
418 679 527 720 maior,
552 680 715 719 maximus,

131 723 171 755 V.
203 723 274 754 Hoc
297 723 416 755 honore
439 729 505 757 tam
524 724 636 758 festivo

246 769 350 801 Timet
374 771 456 810 regis
480 772 611 805 animus,

148 825 178 856 3.
203 824 298 857 Plebs
322 825 473 857 assistens
499 835 578 858 novo
604 828 670 868 regi

246 870 369 902 Fremit
390 872 502 910 plausu
526 873 620 916 regio,

201 916 294 948 Cuius
318 920 443 956 sceptro
468 919 584 957 gaudet
604 920 672 958 regi

246 963 406 1003 Aquitana
430 965 526 1004 regio,

130 1009 165 1040 V.
196 1009 266 1041 Rex
290 1009 415 1041 divinae
438 1010 537 1042 servit
559 1011 621 1050 legi

243 1055 311 1094 Iugi
337 1055 504 1089 desiderio.

256 1193 301 1224 In
327 1195 356 1227 2.
382 1194 605 1228 Nocturno.

337 1266 528 1301 Antiphonae.

139 1322 168 1353 1.
196 1321 348 1354 Salutaris
374 1323 498 1355 deditus

243 1369 348 1400 studio
373 1370 511 1411 sophiae,

195 1414 335 1446 Laudem
360 1415 421 1447 Dei
443 1417 607 1456 praedicat

237 1461 353 1500 septies
377 1462 410 1493 in
436 1463 494 1494 die.

137 1517 167 1547 2.
196 1515 278 1547 Hinc
302 1518 462 1548 terrestris
485 1517 595 1549 incitat

239 1571 343 1602 regem
367 1564 456 1604 regni
480 1573 565 1605 cura,

192 1609 276 1640 Hine
305 1609 446 1641 caelestis
471 1611 576 1651 regiae

238 1656 330 1687 sedes
353 1665 566 1696 permansura.

135 1712 165 1743 3.
192 1712 216 1743 O
242 1720 299 1743 rex
322 1711 499 1752 ineffabilis,

234 1759 284 1790 vir
306 1759 461 1799 Israelita,

190 1804 249 1843 Qui
273 1813 405 1844 regnare
428 1807 543 1837 meruit

235 1851 270 1882 in
293 1854 425 1891 utraque
449 1853 524 1886 vita.

321 1944 527 1980 Responsoria.

130 2011 158 2042 1.
185 2010 269 2042 Dum
292 2011 339 2041 sio
362 2009 454 2042 floret

232 2057 384 2089 virtutum
408 2058 548 2097 vernula,

185 2104 343 2136 Eminenti

232 2151 344 2182 sedens
368 2151 402 2182 in
427 2152 564 2194 specula,

186 2196 270 2228 Luce
293 2198 402 2229 mundi

232 2244 374 2283 privatur
398 2245 510 2277 sedula

185 2291 353 2324 Caecitatis

230 2340 358 2377 opertus
383 2339 505 2379 nebula,

806 209 842 241 V.
872 209 935 241 Sed
959 218 1017 241 nec
1039 210 1141 242 virum

920 254 1036 296 frangit
1060 265 1127 288 sors
1152 265 1265 296 aspera

872 302 981 341 Neque
1003 303 1115 334 mentis

918 349 1086 388 exstinguit
1108 349 1223 381 sidera.

815 404 846 436 2.
872 403 1058 436 Dominatur
1081 413 1137 436 rex
1161 403 1246 436 felici

917 451 1079 482 Promotus
1104 451 1253 491 auspicio,

872 496 967 529 Cadit
990 506 1081 528 manu
1105 497 1161 528 sub
1185 498 1309 530 victrici

917 543 1112 583 Paganorum
1135 544 1227 583 legio,

800 588 837 621 V.
865 588 939 621 Sola
961 589 1039 621 fides
1065 590 1190 622 Goerici

915 636 1103 675 Triumphat
1125 637 1157 667 iu
1181 637 1313 677 proelio.

815 690 845 723 3.
871 690 968 722 Sedet
990 699 1046 722 rex
1069 691 1102 722 in
1126 692 1264 723 tenebris

916 738 1004 768 vultu
1026 737 1225 777 nubesoente,

870 782 934 815 Sed
958 792 998 815 ne
1022 784 1119 815 robur
1141 784 1217 816 fidei

915 830 1030 861 titubet
1050 831 1084 862 in
1108 835 1220 871 mente,

867 877 936 908 Vox
960 885 980 907 a
1002 879 1094 915 patre
1116 878 1266 909 luminum

912 922 1048 953 mittitur
1071 926 1209 965 repente,

797 967 834 998 V.
865 966 957 1006 Spem
987 969 1096 999 salutis
1120 970 1266 1001 nuntians

912 1013 1044 1045 Domino
1068 1015 1203 1049 iubente.

925 1134 973 1166 In
999 1136 1028 1167 3.
1054 1135 1280 1170 Nocturno.

1009 1208 1200 1243 Antiphonae.

809 1264 837 1295 1.
864 1262 1060 1305 Confortare,
1086 1265 1234 1304 princeps
1259 1264 1362 1305 fortis,

909 1310 987 1348 Quia
1010 1313 1132 1350 tempus
1157 1312 1307 1352 imminet,

862 1356 926 1394 Quo
951 1356 1006 1388 lux
1030 1365 1107 1389 vera
1130 1361 1202 1389 tuae
1223 1359 1316 1390 sortis

907 1402 1066 1434 Tenebras
1089 1404 1253 1438 illuminet.

802 1459 833 1488 2.
860 1458 894 1490 Si
917 1457 1049 1498 praefigi
1073 1460 1160 1499 cupis
1185 1463 1284 1493 metas

905 1504 1041 1536 Instanti
1064 1506 1223 1548 tristitiae,

858 1550 969 1581 Metim
992 1554 1081 1590 petas
1107 1555 1139 1584 et
1159 1553 1205 1584 sie
1229 1556 1327 1586 metas

903 1597 1054 1629 Fructum
1077 1600 1260 1638 patientiae.

802 1653 831 1684 3.
858 1652 930 1684 Tibi
954 1654 1036 1684 enim
1060 1654 1142 1685 sicut
1167 1655 1233 1686 dies

903 1699 974 1731 Nox
995 1700 1242 1744 illuminabitur,

856 1745 900 1777 Et
925 1747 963 1778 de
987 1755 1060 1787 rege
1083 1749 1210 1787 praesul
1233 1749 1301 1789 fies,

902 1793 932 1824 A
956 1802 1016 1833 quo
1040 1794 1130 1834 plebs
1154 1796 1340 1829 salvabitur.

990 1868 1195 1903 Responsoria.

801 1923 831 1954 1.
856 1923 925 1954 Rex
948 1924 1073 1963 gavisus

903 1971 1049 2010 promissi
1073 1981 1202 2004 munere

857 2016 967 2048 Metim
990 2018 1077 2049 venit

903 2062 988 2095 felici
1012 2064 1126 2109 sidere,

856 2109 940 2141 Voce
966 2112 1076 2143 ductus

900 2158 1004 2198 potius
1027 2159 1066 2190 ab
1092 2160 1228 2202 aethere,

786 2202 824 2235 V.
855 2202 911 2234 Cui
936 2205 1053 2236 carnali

901 2251 1082 2285 coniunctus
1106 2252 1233 2285 foedere

853 2296 949 2328 Urbis
974 2300 1100 2339 praesul

898 2346 1034 2377 occurrit
1057 2356 1202 2388 propere.
