1650 2542
823 146 1053 179 -80-

311 236 342 267 3.
367 235 437 266 Tibi
463 237 524 267 rite
546 238 716 275 psallimus,
1097 237 1144 269 In
1170 238 1201 270 1.
1226 237 1452 269 Nocturno.

368 281 440 312 Tibi
463 282 571 313 laudes
592 282 766 322 referimus,

412 327 462 358 Ex
487 328 591 359 debito
1179 328 1371 363 Antiphonae.

365 373 451 411 Qnia’
480 374 621 411 qu⁰tiens
644 372 813 424 prfflff'imur
975 390 1004 422 1.
1030 390 1173 423 Biduano
1195 393 1310 425 ieiunio

364 417 510 457 Miserfis,
535 419 568 449 in
592 420 624 448 te
647 418 735 448 nobls
1077 446 1170 469 came
1193 442 1352 471 macerata

406 463 528 494 Fidelis
551 466 639 501 patet
657 471 810 494 recursus.
1028 482 1178 515 Mittebat
1201 485 1362 525 egentibus

309 527 340 556 4.
367 525 484 556 Solaris
510 526 581 556 dum
608 525 743 557 volvitur
766 525 870 556 orbita
1074 538 1212 569 quaeque
1238 531 1383 564 delicata.

363 571 474 601 Votiva
496 573 660 601 recurrunt
684 569 775 610 festa,
1059 604 1065 609 .
1156 604 1162 610 .
1477 607 1484 614 .

361 616 395 646 In
421 616 530 654 quibus
556 619 586 647 et
609 616 735 648 Domini
970 603 1000 633 2.
1026 602 1081 634 N1l
1105 604 1284 644 rehnquens
1309 609 1436 645 praeter
1455 611 1569 640 Victum

360 661 544 693 Recitantur
565 663 720 702 magnalia
1059 650 1122 702 ,ΕΧ
1144 651 1208 682 SUiS
1232 653 1446 692 PsOVffllfibUSa

357 706 401 737 Et
423 707 582 747 Hedwjgjs
1026 693 1131 727 Vilem
1160 696 1304 730 deferens
1329 703 1476 731 amlctum

359 753 582 785 Retraotantur
607 755 731 787 merita.
1070 741 1175 774 S‘ffi'it
1198 753 1319 784 pauper
1342 747 1543 786 pauperibus·

302 818 331 848 5.
359 817 538 849 Hodiernae
547 819 766 851 sollemnitatis
775 820 898 860 gaudia,
967 816 997 847 3-
1025 814 1190 849 Gaudebat
1215 819 1305 858 dapis
1329 829 1457 852 munere

358 864 443 900 Quae
467 865 539 895 anni
564 865 692 896 reduxit
715 866 827 909 orbita,
1069 863 1194 902 Egenos
1217 865 1357 905 reficere,

357 909 415 940 Pia
438 911 610 942 recolamus
637 912 802 944 devotione
1022 909 1101 948 Quia
1126 910 1283 943 Christum
1306 913 1339 944 in
1362 923 1502 953 paupere

356 955 473 987 Beatae
495 958 656 997 Hedwigis
1071 955 1111 987 Se
1134 957 1254 990 sciebat
1277 960 1445 999 suscipere.

356 1001 487 1034 Utentes
511 1002 721 1038 famulamine,

1155 1050 1358 1085 Responsoria.

470 1096 516 1122 Ad
534 1096 710 1132 Magnificat.
969 1104 997 1135 1.
1024 1104 1194 1146 Hedwigis,
1220 1108 1319 1147 stirpe
1339 1109 1452 1140 nobilis

284 1149 323 1181 A.
355 1149 379 1181 O
407 1150 500 1182 decus
525 1152 720 1193 Trebniciae,
1023 1150 1232 1192 Omnibusque
1256 1155 1437 1193 spectabilis

354 1195 524 1238 Hedwigis‚
549 1202 650 1231 mater
672 1200 800 1240 gratiae,
1068 1198 1159 1230 Omni
1184 1200 1335 1232 virtutum
1359 1211 1482 1244 genere,

401 1243 545 1276 Concivis
569 1246 701 1278 militiae
1023 1243 1123 1275 COrde
1151 1246 1236 1277 mitis
1262 1250 1293 1278 et
1316 1248 1453 1290 humilis,

399 1290 549 1322 Caelestis
567 1293 699 1332 patriae,
1021 1290 1143 1331 Aetate,
1168 1301 1244 1324 sexu
1268 1293 1402 1335 fragilis,

350 1335 467 1367 Tribue
491 1338 690 1370 credentibus
1064 1337 1146 1369 Fide
1169 1337 1261 1370 fortis
1286 1343 1318 1371 et
1341 1350 1445 1380 opere,

350 1381 494 1414 Solamen
517 1385 578 1415 tuis
603 1386 760 1427 precibus,
951 1382 987 1414 V·
1019 1382 1142 1415 Christo
1166 1384 1226 1416 fuit
1250 1387 1404 1429 amabiIiS‚

395 1429 439 1460 Et
462 1430 503 1461 da
525 1429 588 1462 frui
612 1432 758 1464 laudibus
1018 1430 1070 1461 Ad
1094 1439 1185 1462 omne
1208 1432 1322 1465 bonum
1345 1434 1469 1474 habilis,

397 1475 475 1507 Cum
500 1478 578 1508 caeli
602 1478 745 1517 patribus
1064 1476 1123 1508 Dei
1147 1483 1321 1517 praeventa
1343 1490 1480 1516 munere.

349 1521 396 1552 Tu
426 1525 473 1554 tot
496 1523 592 1563 signis
616 1525 754 1567 radians,

348 1568 386 1599 In
415 1571 447 1599 te
469 1570 559 1609 plebs
582 1570 685 1603 fideIis
706 1573 843 1611 glorians

394 1615 504 1647 Totius
530 1617 672 1659 Silesiae‚

394 1661 498 1701 Digna
520 1664 698 1703 memoriae,

347 1707 426 1737 Asta
450 1708 513 1738 tuis
535 1710 680 1748 posteris,

345 1752 450 1783 Mater
473 1752 633 1793 Hedwigis
658 1755 793 1799 humilis,

391 1797 489 1828 Nobis
513 1802 623 1838 petens
646 1801 767 1833 veniam
947 1827 971 1857 V

390 1843 434 1874 Et
462 1845 540 1875 caeli
563 1846 702 1884 gloriam.

959 1552 990 1582 2.
1017 1551 1146 1583 Manum
1169 1554 1266 1585 mittit
1291 1555 1333 1586 ad
1357 1554 1453 1587 fortia

1018 1597 1172 1629 Virtutum
1197 1602 1356 1641 exercitia,

1061 1644 1150 1675 Haeo
1163 1648 1401 1686 comprehendit
1414 1650 1559 1685 dulciter,

1017 1690 1212 1730 Consurgens
1237 1697 1329 1726 noete
1351 1696 1457 1728 media

1015 1735 1196 1769 Orationum
1225 1741 1332 1772 studia

1062 1783 1129 1814 Deo
1153 1785 1298 1818 solvebat
1319 1788 1444 1828 iugiter,

975 1852 981 1858 .
1013 1828 1101 1860 Clam
1124 1830 1222 1863 intrat
1248 1833 1417 1874 domicilia,

1013 1874 1101 1907 Dans
1125 1876 1258 1911 infirmis
1283 1880 1432 1920 obsequia

1059 1922 1103 1953 Et
1125 1923 1261 1963 leprosis
1285 1928 1408 1966 poeula.

411 1973 472 2004 Ad
495 1974 760 2013 Matutlnum·
957 1996 987 2027 3.
1010 1995 1185 2036 Margarita
1209 2000 1275 2030 solo
1299 2003 1393 2043 tecta,

468 2054 680 2085 invitatorium.
1011 2042 1172 2117 Quffimdam
1197 2044 1268 2075 vilis
1295 2049 1327 2077 et
1352 2048 1503 2088 despecta

1073 2090 1121 2118 sta
1144 2089 1206 2120 Dei
1227 2089 1354 2133 famula,

342 2117 519 2149 Laudemus
543 2120 575 2151 in
600 2124 725 2155 saecula
1010 2132 1140 2165 Gemma
1162 2135 1269 2167 lucens
1293 2142 1329 2170 ut
1353 2141 1455 2174 electa

387 2171 491 2203 regem
508 2167 713 2210 saeculorum,
1009 2177 1119 2210 Carnis
1142 2180 1226 2212 nube
1248 2183 1311 2215 iam
1337 2187 1462 2221 detecta

340 2209 398 2248 Qui
422 2209 545 2241 beatam
569 2213 760 2257 Hedwigem,
1053 2225 1190 2264 Fulgens
1214 2237 1273 2267 per
1296 2232 1458 2275 miracula,

385 2258 517 2287 matrem
541 2259 761 2304 orphanorum,
937 2269 976 2301 V.
1006 2270 1044 2301 In
1069 2271 1203 2304 sublime
1226 2278 1313 2308 stans
1337 2287 1444 2313 erecta

340 2302 531 2340 Coaequavit
1008 2315 1133 2347 Caelum
1160 2320 1261 2352 tendit
1283 2324 1336 2356 via
1362 2331 1452 2360 reeta

384 2348 502 2380 meritis
527 2353 714 2386 sanctorum,
1052 2362 1147 2394 Velut
1169 2364 1246 2398 fumi
1270 2370 1402 2410 virgula..
