1650 2542
726 128 977 163 -163—

588 243 631 274 57.
658 243 702 276 De
721 254 745 276 s.
765 247 899 280 Iohanne
920 250 1115 283 Glusoniensi.

343 324 388 355 In
416 326 444 357 1.
472 326 685 367 vesperis.

395 397 440 424 Ad
459 400 634 436 Magnificat.

238 475 245 482 .
276 450 394 492 Gaude,
421 454 504 498 Sion,

321 503 432 531 ornata
454 504 612 547 tympano,

273 545 393 577 Plaude
417 556 496 580 novo

319 591 448 630 perfusa
472 595 622 638 balsamo,

270 637 379 676 Ipsum
402 640 497 672 lauda

320 685 445 717 chordis
468 690 499 718 et
523 697 648 731 organ0‚

272 730 364 762 Cuius
389 741 504 772 sponsa

319 778 404 809 venit
428 788 446 810 a
469 779 601 815 Libano.

342 871 369 901 A
383 871 402 902 d
424 872 684 908 Matutinum.

402 944 614 974 Invitatorium.

269 999 320 1030 Ad
347 1008 450 1039 regem
476 1002 559 1034 vitae

315 1045 409 1085 digna
434 1056 503 1079 cum
527 1049 621 1082 laude
644 1052 757 1093 venite,

265 1091 323 1129 Qui
347 1093 484 1130 palmam
509 1097 596 1134 regni

310 1138 422 1170 tribuit
468 1149 565 1180 supra
611 1143 722 1175 aethra
759 1145 807 1177 Io-

582 1188 687 1223 hanni

323 1297 369 1328 In
393 1298 421 1329 1.
450 1298 676 1334 Nocturno.

403 1370 596 1406 Antiphonae.

227 1449 234 1456 .
260 1425 376 1456 Beatus
401 1427 459 1466 vir,
486 1429 538 1467 qui
562 1438 622 1461 non
648 1431 727 1463 abiit

304 1472 337 1502 in
362 1473 513 1505 malorum
540 1477 678 1516 consilio,

259 1518 321 1549 Sed
348 1519 379 1550 in
404 1520 474 1559 lege
496 1521 556 1552 Dei
581 1523 676 1555 coluit

303 1565 388 1596 illius
412 1567 585 1601 meditatio,

222 1644 229 1651 .
255 1620 357 1659 Quare
382 1620 519 1654 fremunt
542 1625 651 1663 populi

297 1676 376 1699 vana
401 1669 614 1702 meditantes?

252 1713 416 1746 Exaltabit
439 1716 590 1748 Dominus

297 1761 328 1791 in
354 1762 423 1800 ipso
449 1767 621 1802 sperantes.

219 1838 225 1844 .
253 1815 328 1847 Cum
353 1817 488 1859 invocat,
515 1821 680 1852 exauditur

298 1862 453 1895 Iohannes
477 1874 497 1896 a
519 1865 663 1906 Domino,

252 1908 297 1939 Et
320 1909 352 1939 in
376 1919 456 1950 pace
476 1911 508 1942 in
533 1912 568 1944 id
591 1913 693 1952 ipsum

296 1960 406 1996 regnat
429 1958 498 1989 sine
519 1959 660 1991 termino.

190 2011 221 2043 4.
249 2011 355 2044 Verba
378 2013 480 2044 sancti
504 2015 640 2054 percipit

295 2059 461 2092 clamorem
486 2061 681 2105 intellegens,

246 2104 295 2136 De
319 2107 427 2138 mundi
452 2107 580 2139 miseria

292 2161 462 2192 pauperem
487 2154 570 2188 hunc
595 2156 728 2197 erigens.

187 2208 217 2239 5.
245 2207 387 2251 Domine,
413 2210 559 2248 Domine,

291 2264 381 2294 quam
407 2257 601 2290 admirabilis

241 2301 287 2332 Es
311 2302 342 2333 in
369 2302 429 2334 hoc
451 2306 597 2343 praesule

291 2351 385 2388 atque
408 2350 592 2386 laudabilis!

892 338 922 369 6.
950 337 1115 370 confidens
1139 340 1171 371 in
1195 340 1328 374 Domino

993 386 1194 425 transmigrat
1219 388 1252 419 in
1276 392 1409 420 montem

945 430 990 461 Et
1017 432 1123 463 venire
1146 434 1260 465 meruit

992 477 1031 508 ad
1057 478 1166 509 salutis
1191 478 1318 514 fontem.

1074 560 1275 595 Responsoria.

888 614 918 646 1.
943 614 1036 655 Ecce,
1062 624 1153 648 verus
1175 620 1206 648 et
1228 620 1368 651 sincerus

991 661 1046 692 Vir
1069 663 1222 706 Israelita,

941 707 1016 738 Sine
1042 707 1155 740 fraude
1181 710 1289 750 dignus
1313 713 1406 744 laude

988 754 1124 795 Fulgens
1152 757 1289 796 eremita,

941 800 1064 832 Christo
1091 809 1190 842 carus,
1217 804 1311 843 signis
1337 806 1438 836 clarus

988 847 1102 888 Verbo,
1127 851 1239 890 mente,
1265 850 1348 892 vita3

899 915 906 922 .
938 892 1024 923 Inter
1047 894 1155 925 mundi
1180 896 1344 934 strepitum

984 938 1055 969 Stat
1078 943 1185 977 pastor
1208 941 1348 982 insignis,

938 984 1000 1016 Sed
1022 985 1054 1014 in
1079 985 1151 1024 igne
1174 987 1309 1024 positum

983 1029 1053 1061 Non
1079 1032 1184 1062 exurit
1205 1032 1296 1071 igniS.

903 1110 909 1117 .
935 1083 1022 1122 Exsp
1027 1087 1149 1117 ectante
1173 1088 1288 1126 populo

980 1139 1101 1162 sacram
1129 1133 1304 1165 unctionem

933 1176 1079 1209 Matrona
1104 1187 1173 1210 cum
1197 1179 1261 1211 filio

978 1223 1227 1257 benedictionem

931 1268 1107 1308 Exspectat
1129 1272 1295 1312 pontificis,

978 1316 1034 1347 sed
1058 1325 1130 1348 mox
1152 1318 1320 1351 laesionem

931 1361 1044 1393 Mortis
1069 1363 1154 1395 subit
1177 1367 1327 1404 parvulus

976 1417 1034 1448 per
1058 1411 1307 1452 oppressionemg

891 1479 896 1485 .
926 1453 1046 1486 Clamat
1069 1459 1169 1487 mater
1191 1458 1316 1500 misera,

977 1502 1077 1534 currit
1100 1503 1148 1534 vir
1174 1504 1292 1545 beatus,

926 1546 1013 1578 Fusa
1037 1557 1131 1587 prece
1155 1552 1304 1589 parvulus,

972 1603 1044 1625 mox
1070 1598 1117 1626 est
1138 1597 1222 1628 vitae
1249 1599 1349 1631 datus.

891 1673 899 1681 .
925 1648 1061 1688 Fragrat
1090 1651 1188 1683 virtus
1213 1653 1344 1697 arboris,

968 1699 1075 1728 manat
1097 1698 1144 1729 vis
1168 1701 1324 1743 unguenti,

923 1742 1084 1775 Laudibus
1110 1746 1273 1786 attollitur,

967 1788 1004 1820 fit
1031 1799 1081 1821 res
1103 1794 1179 1823 nota
1201 1794 1296 1833 genti,

922 1834 985 1867 Sed
1009 1845 1115 1868 aurem
1140 1847 1201 1869 non
1226 1840 1366 1879 adplicat

967 1880 1069 1913 famae
1096 1884 1283 1917 discurrenti

922 1927 990 1958 Nec
1014 1927 1108 1960 fidem
1132 1931 1278 1963 adhibuit

967 1984 1047 2006 vana
1069 1978 1274 2015 promittenti.

881 2046 887 2052 .
917 2020 1002 2052 Petit
1025 2026 1150 2055 sanetus
1177 2033 1314 2058 eremum

965 2071 1073 2107 spreta
1096 2072 1203 2102 mundi
1226 2073 1326 2111 gloria

917 2113 961 2145 Et
985 2115 1094 2147 relicto
1119 2118 1215 2156 pallio

965 2160 1046 2201 fugit
1070 2163 1109 2194 ab
1134 2165 1302 2205 Aegyptia.

883 2243 890 2249 .
918 2215 943 2247 Ο
967 2219 1103 2258 praesul,
1129 2220 1241 2252 Italiac

964 2264 1057 2296 decus
1082 2267 1229 2305 speciale,

915 2310 1011 2348 Quem
1041 2316 1131 2344 ornat
1153 2314 1293 2347 iustitiae

966 2359 1230 2403 superhumerale,

1232 2415 1291 2444 11*
