1650 2542
788 144 1015 177 -52-

342 237 455 272 Antiph.
474 246 526 264 ms.
546 238 725 264 Franciscan.
746 236 893 263 Hibemic.
913 243 986 262 saec.
1010 233 1051 262 15.
1073 244 1115 262 ex.
1148 235 1215 263 Cod.
1231 236 1302 263 0011.
1316 235 1367 263 SS.
1381 236 1536 262 Trinitatis

266 274 383 300 Dublin.
398 275 421 300 B
437 272 461 301 1.
474 272 500 300 2.
514 274 547 300 A.
567 289 603 293 —
622 275 704 301 Brev.
719 273 901 300 Bisuntinum
920 273 988 307 imp.
1001 272 1122 300 Parisiis
1145 271 1224 301 1531.
1238 273 1271 300 B.
1286 288 1324 292 —-
1337 273 1377 300 In
1398 271 1421 299 1.
1435 272 1538 308 Vesp.

267 309 288 336 Α
314 308 339 343 2,
361 308 378 336 2
402 311 455 337 Ille
481 311 564 337 docet
588 310 667 337 illam
690 310 788 336 turbat
811 309 844 336 Β.
871 325 908 328 -
939 307 961 334 Α
987 307 1014 341 2,
1033 307 1053 336 4
1080 310 1157 337 locat
1179 311 1208 337 B.
1229 324 1265 328 —
1286 310 1330 337 Ad
1349 311 1447 345 Magn.
1469 307 1500 342 Α,
1523 308 1538 336 1

267 347 372 374 Christi
390 347 462 374 fehlt
481 346 511 373 Α.
531 361 566 366 -
585 348 625 374 In
646 346 670 374 l.
690 347 791 374 Noct.
814 344 834 371 R
854 344 877 378 1,
896 344 912 372 9
932 346 1015 373 Tuba
1033 347 1092 374 iulo
1108 348 1140 375 Β.
1155 363 1189 366 -
1210 348 1250 374 Ι11
1269 345 1295 373 2.
1316 347 1413 374 Noct.
1438 344 1458 372 R
1481 344 1505 380 1,
1521 345 1538 374 9

265 384 349 410 Nunc
377 392 442 418 ergo
465 383 502 410 A.
529 400 564 403 —
591 382 611 409 R
639 382 664 417 2,
685 382 702 410 5
724 384 813 416 Quem
837 383 910 409 fehlt
926 383 961 409 A.
984 397 1019 401 —
1041 382 1061 409 R
1082 382 1107 416 2,
1129 384 1145 410 7
1166 392 1207 419 sq.
1228 384 1427 411 verstiimmelt
1447 383 1480 410 A.
1501 398 1539 403 —-

266 420 306 446 In
325 418 352 447 3.
372 421 421 448 No
431 423 472 447 ct.
492 421 543 447 hat
560 421 584 447 B
604 422 651 448 ein
669 418 695 448 3.
715 420 894 455 prosaisches
915 417 944 446 R.

692 536 731 566 16.
770 537 812 567 De
832 538 936 568 sancto
957 537 1108 569 Gabriele.

398 604 428 634 A
439 603 459 634 d
483 603 518 634 M
526 613 545 634 a
554 606 565 633 t
573 613 594 634 u
603 604 633 634 ti
643 614 661 635 n
672 614 692 635 u
701 613 740 636 m.
998 607 1075 638 Mox
1100 607 1203 638 cordis
1227 606 1439 638 habitaculum

1044 653 1220 684 Prudenter
1243 653 1456 695 praeparavit,

458 685 668 712 Invitatorium.
995 699 1040 730 Ef,
1061 701 1160 730 totum
1184 699 1272 738 virgo
1298 699 1443 739 credidit,

335 740 423 779 Regi,
450 741 500 779 qui
526 741 621 772 verbo
648 741 794 781 virginem
996 745 1085 784 Quod
1107 745 1341 786 paranymphus
1368 746 1478 785 edidit,

382 785 536 817 Salutavit
561 786 724 829 Gab1·ielis‚
1043 791 1110 822 Nec
1135 792 1301 831 quidquam
1328 792 1492 825 dubitavit.

336 831 450 863 Cantus
474 837 598 871 promat
619 833 813 865 dulcedinem
928 838 964 870 V,
997 838 1147 876 Concepit
1172 838 1258 878 virgo
1283 838 1371 879 regia

378 878 580 909 Psallentium
605 888 665 911 vox
689 878 802 912 fidelis.
994 884 1047 916 Ad
1072 884 1289 915 credulitatem

1041 931 1125 969 Quae
1148 931 1297 962 mundum
1321 931 1501 964 illustravit.

391 988 437 1019 1n
462 990 493 1022 2.
520 988 576 1020 No
588 992 741 1021 cturno.

473 1070 663 1105 Antiphonae.
1086 1052 1131 1082 In
1156 1050 1316 1082 Laudib
1327 1060 1380 1084 uS.

275 1125 304 1156 1.
330 1126 471 1156 Vernaus
493 1126 613 1164 pudore
636 1127 735 1158 lilium
1133 1132 1317 1168 Antiphonae

376 1171 502 1202 Nubere
525 1172 688 1211 recusavit,

329 1216 391 1248 Sed
421 1218 579 1248 oraculum
603 1219 773 1257 angelicum

375 1262 472 1294 Aliud
494 1263 654 1297 indicavit.

273 1318 304 1349 2.
328 1318 485 1349 Secretum
509 1318 571 1357 legi
596 1327 761 1351 consonum

374 1363 461 1394 Tunc
482 1363 566 1394 Deus
590 1366 808 1405 promulgavit,

329 1409 456 1446 Quando
480 1418 537 1448 per
560 1419 648 1441 suum
673 1413 812 1451 angelum

327 1454 463 1486 Primum
488 1456 685 1496 splendorem
709 1459 863 1498 virginum

372 1502 410 1533 In
434 1505 563 1533 matrem
589 1505 788 1537 consecravit.

271 1557 300 1588 3.
329 1555 496 1587 Conclusus
521 1560 567 1588 est
591 1558 745 1591 thalamus

371 1603 415 1634 Et
439 1604 622 1634 contremuit
645 1605 740 1645 locus,

326 1647 390 1681 Ubi
414 1648 617 1688 archangelus
643 1650 770 1683 Gabriel

371 1694 590 1726 Descendebat
614 1696 654 1727 de
678 1698 771 1730 caelo.

936 1199 965 1231 1.
991 1198 1093 1230 Mittit
1116 1199 1156 1230 ad
1180 1199 1333 1238 virginem

1036 1244 1108 1276 Non
1133 1245 1272 1284 quemvis
1297 1247 1451 1286 angelum,

988 1291 1051 1322 Sed
1075 1290 1301 1330 fortitudinem,

1035 1336 1129 1368 Suum
1153 1338 1371 1377 archangelum

1078 1384 1209 1415 Amator
1232 1385 1374 1417 hominis.

956 1464 963 1470 .
988 1439 1135 1478 Magnum
1162 1440 1309 1479 expediat

1036 1486 1097 1517 Pro
1123 1486 1213 1517 nobis
1237 1487 1389 1526 nuntium,

989 1531 1129 1563 Naturae
1153 1531 1249 1563 faciat

1036 1578 1079 1609 Ut
1103 1579 1330 1618 praeiudicium

1080 1625 1118 1655 In
1140 1627 1234 1663 partu
1257 1625 1397 1664 virginis.

931 1681 961 1711 3.
992 1679 1125 1720 Accede,
1152 1680 1269 1719 nuntia,

1033 1724 1093 1756 Dic
1116 1727 1185 1757 Ave
1210 1727 1387 1764 comminus,

934 1441 952 1470 [υ

457 1766 659 1801 Responsoria.
986 1771 1063 1803 Dic:
1089 1772 1183 1810 plena
1206 1773 1317 1812 gratia,

268 1822 300 1853 1.
327 1821 485 1853 Greaturis
509 1824 709 1861 peccantibus
1030 1817 1107 1848 Diffi
1131 1821 1233 1871 tss‘JUffl
1256 1819 1419 1872 DODJissUS,

370 1867 554 1899 Universum
581 1871 738 1910 multatur,
1077 1864 1120 1896 Et
1146 1865 1216 1897 dic:
1241 1874 1281 1897 ne
1304 1869 1425 1899 timeas,

323 1914 392 1945 Hoc
414 1914 446 1944 in
470 1916 584 1946 sanctis
607 1918 778 1956 agminibus
929 1922 960 1952 4.
987 1920 1092 1962 Virgo,
1119 1921 1271 1960 suscipias

370 1959 528 1992 Secretum
552 1965 771 2004 pertractatur,
1030 1966 1091 1997 Dei
1117 1967 1301 2009 depositum,

325 2005 399 2037 Cum
424 2015 482 2044 quo
506 2007 590 2038 misit
613 2009 654 2040 ad
677 2010 827 2050 virginem
985 2014 1022 2045 In
1047 2022 1106 2052 quo
1130 2012 1275 2051 perficias

323 2052 391 2082 Rex
417 2052 494 2082 caeli
518 2051 741 2097 fortitudinem,
1031 2058 1156 2090 Castum
1180 2060 1376 2099 propositum

367 2097 412 2129 Ut
435 2098 567 2129 mundus
591 2100 770 2141 redimatur,
1074 2104 1119 2135 Et
1141 2108 1247 2136 votum
1269 2110 1388 2139 teneas.

253 2143 289 2176 V.
321 2143 462 2195 sumnus
486 2146 704 2198 apocfisarius,
931 2161 962 2193 5.
987 2160 1088 2190 Audit
1112 2163 1144 2190 et
1167 2162 1299 2200 suscipit

321 2191 451 2221 Animus
478 2198 542 2221 elus
566 2200 676 2223 anxms
1030 2206 1140 2237 Pugna
1161 2208 1301 2239 nuntium

367 2237 540 2268 Pavescens
568 2239 744 2273 meditatur.
986 2252 1096 2284 Credit
1119 2255 1150 2283 et
1175 2235 1312 2295 conojpit’

264 2293 295 2324 2.
322 2291 476 2323 Gabrielis
501 2293 658 2326 oraculum
1031 2298 1075 2329 Et
1097 2299 1182 2337 parit
1205 2299 1316 2340 filium,

364 2338 410 2370 Ut
432 2338 518 2378 virgo
542 2340 738 2382 ponderavit,
1076 2343 1139 2377 Sed
1162 2346 1390 2382 admirabilem.
