1650 2542
745 148 997 181 —277—

361 237 405 267 In
431 239 462 269 2.
488 238 545 269 No
556 241 716 274 cturnO.

438 301 631 337 Antiphonae.

264 381 271 388 .
297 355 398 387 Docet
418 358 615 398 Aquilegiam

343 402 546 443 Evangelista
568 405 707 447 Marcus,

297 447 473 489 Congregat
497 451 660 483 ecclesiam

345 495 403 526 Vir
426 495 488 527 Dei
511 499 703 536 praeclarus

262 575 269 582 .
297 550 405 582 Sancti
429 551 533 583 Marci
558 553 722 586 clementia

341 596 538 637 Hermagora
563 600 755 633 convertitur

293 643 342 674 Ac
364 643 452 675 Petri
475 645 675 684 providentia

340 690 471 721 Praesul
495 691 540 722 ibi
565 693 721 725 statuitur.

257 771 264 777 .
293 746 401 784 Pergit
423 746 650 778 Alexandriam

339 791 433 823 Fidei
456 801 570 832 amore,

293 837 365 869 Non
387 838 477 869 timet
499 839 666 877 perfidiam

339 885 401 916 Pro
428 884 545 916 Christi
568 885 696 920 honore.

425 949 628 985 Responsoria.

260 1029 266 1036 .
293 1004 357 1035 Fili
382 1006 500 1047 Marce,
527 1007 570 1037 ait
594 1007 716 1047 Petrus,

339 1060 436 1091 perge
460 1052 695 1091 Alexandriam,

289 1097 392 1129 Iesum
417 1099 566 1137 praedica
589 1108 715 1131 securus

335 1146 444 1175 contra
464 1145 654 1184 idolatriam,

287 1189 337 1221 Ne
359 1198 513 1229 pavescas
538 1191 713 1230 iniquorum

334 1236 492 1267 hominum
515 1236 701 1278 perfidiam3

247 1307 253 1314 .
287 1282 440 1314 Coruscat
463 1283 622 1314 miraculis

333 1330 525 1369 evangelista
547 1330 685 1373 Marcus,

285 1375 398 1407 Fidem
425 1375 543 1408 Christi
566 1378 730 1415 praedicat

331 1422 456 1460 populis
482 1422 530 1453 vir
554 1427 690 1458 sanctus.

249 1502 257 1509 .
283 1477 376 1508 Felix
400 1478 528 1509 Marcus

331 1525 469 1564 Aegypti
494 1526 618 1564 populis

287 1571 503 1611 Praedicabat‚

330 1616 431 1656 fulget
453 1618 621 1657 miraculis,

281 1664 493 1696 Destruuntur

326 1711 445 1750 templa
469 1720 539 1743 cum
562 1712 667 1752 idolis,

281 1757 365 1789 Gens
390 1758 431 1789 ad
457 1756 550 1789 fidem

327 1804 426 1835 currit
448 1804 612 1846 mirabilis,

240 1876 246 1883 .
278 1851 441 1890 Aegyptus
466 1853 533 1882 tota

324 1896 466 1935 repletur
489 1898 611 1936 gaudiis

277 1943 438 1976 Ordinatis

324 1990 430 2021 multis
454 1990 604 2023 ecclesiis,

243 2074 249 2080 .
275 2048 429 2079 Innocens
454 2046 582 2078 Marcus
606 2048 748 2080 manibus

322 2093 383 2125 Per
409 2093 566 2125 civitatem
590 2095 726 2126 trahitur

275 2140 395 2179 Ligatis
421 2140 501 2172 collo
525 2141 679 2181 manibus,

324 2187 456 2227 Sanguis
481 2196 570 2218 sacer
594 2186 748 2228 funditur,

276 2234 402 2267 Cunctis
428 2233 674 2267 vociferantibus

235 2306 241 2313 .
271 2280 379 2320 Lapis,
405 2284 491 2312 terra
514 2282 664 2322 sanguine

320 2327 416 2359 Sacro
440 2327 579 2360 inficitur

271 2375 334 2407 Pro
361 2374 476 2407 Christi
500 2376 634 2408 nomine.

1023 245 1069 276 In
1095 246 1126 277 3.
1151 245 1380 279 Nocturno.

1115 336 1308 372 Antiphonae.

936 434 943 441 .
969 411 1039 442 Lux
1062 412 1213 444 immensa
1237 413 1342 444 visitat

1014 457 1246 498 Evangelistam
1270 459 1423 500 Marcum,

970 503 1133 536 Carcerem
1157 505 1313 536 illuminat

1012 549 1056 581 Et
1081 550 1236 582 confortat
1259 555 1408 583 sanctum.

932 630 940 637 .
966 604 1058 646 Laus,
1088 606 1171 637 salus
1196 615 1273 646 mea,
1299 607 1441 648 Domine,

1012 652 1115 691 Atque
1139 651 1300 695 fortitudo,

965 697 1002 728 In
1028 701 1080 729 tuo
1104 707 1227 737 semper
1249 700 1373 731 nomine

1013 741 1169 787 [Virtutis]
1194 746 1384 784 magnitudo.

933 823 940 830 .
966 799 1004 830 In
1028 800 1128 830 sancti
1151 800 1253 832 Marci
1278 801 1364 832 obitu

1012 845 1111 877 Terra
1135 847 1335 886 tenebrescit,

964 890 1041 922 Eius
1066 896 1173 923 sancto
1197 893 1331 924 transitu

1012 937 1136 969 Caelum
1161 939 1330 971 hilarescit.

1104 1029 1307 1064 Responsoria.

928 1127 935 1134 .
960 1103 1086 1135 Mediae
1110 1105 1209 1135 noctis
1233 1107 1374 1144 tempore

1008 1149 1102 1180 Suum
1128 1155 1270 1182 coruscat
1294 1151 1443 1185 famulum

960 1196 1101 1228 Christus
1127 1197 1264 1228 clausum
1287 1199 1320 1229 in
1346 1208 1480 1239 carcere,

1005 1243 1193 1274 Promittens
1217 1244 1299 1275 vitae
1322 1246 1476 1289 poculum,

958 1288 1085 1319 Tollens
1109 1298 1199 1320 omne
1222 1289 1400 1331 fastidium;

921 1359 927 1366 .
957 1335 1059 1366 Intrat
1082 1335 1211 1367 Marcus

1001 1381 1034 1411 in
1058 1382 1137 1412 caeli
1160 1382 1286 1421 curiam,

958 1427 1065 1459 Omnis
1088 1427 1163 1458 boni

1003 1473 1098 1504 habet
1124 1475 1254 1513 copiam.

922 1555 928 1562 .
955 1529 1010 1560 Bis
1030 1532 1155 1560 sanctus
1179 1529 1306 1561 Marcus
1331 1532 1476 1574 trahitur,

955 1576 1052 1615 Plaga
1076 1576 1177 1615 plagis
1202 1577 1346 1620 adicitur,

956 1622 1079 1655 Clamat
1090 1622 1131 1654 ad
1146 1622 1301 1654 Christum
1314 1624 1496 1658 Dominum:

955 1668 1026 1700 Tibi
1052 1669 1232 1701 commendo
1257 1671 1410 1712 spiritum,

955 1715 1085 1755 Suscipe
1109 1718 1195 1747 tuum
1220 1715 1386 1758 famulum;

913 1787 920 1794 .
953 1762 1076 1794 Christe
1101 1762 1246 1803 clemens,

997 1805 1210 1853 [redemptor]
1236 1811 1381 1852 omnium,

951 1856 1029 1887 Esto
1053 1856 1130 1886 mihi

996 1903 1090 1945 salus,
1116 1901 1279 1942 refugium.

917 1982 924 1990 .
950 1958 987 1989 In
1011 1958 1075 1989 alto
1100 1958 1179 1989 caeli

1000 2004 1192 2044 consistorio,

950 2051 1047 2083 Pater
1069 2051 1189 2091 Marce,

995 2097 1143 2137 splendes
1167 2100 1329 2140 martyrio,

947 2144 1100 2175 Mundum
1125 2154 1214 2176 sacro

996 2191 1133 2222 lustrans
1159 2193 1289 2232 collegio

948 2238 1014 2269 Nos
1040 2237 1175 2270 defende

996 2282 1075 2328 [tuo]
1100 2286 1258 2324 praesidio

946 2331 1013 2363 Tuo
1038 2332 1210 2371 gaudentes

992 2379 1187 2422 patrocini03
