1650 2542
640 503 662 534 1.
701 505 744 536 Dc
764 507 869 538 sancto
889 507 1021 539 Eskillo.

328 567 374 599 In
399 568 428 602 1.
458 569 671 610 VesperiS.

396 641 589 677 Antiphonae.

200 694 229 728 1.
256 694 404 729 Laudent
427 698 675 733 Sudermanniae

305 744 399 776 Pueri
421 748 595 787 parentem,

255 788 293 820 In
322 791 412 829 prole
435 792 618 825 Britanniae

302 835 424 876 Lapsos
450 839 630 878 erigentem.

197 891 228 922 2.
256 889 459 924 Confirmavit
482 893 634 926 Dominus

301 937 458 970 Eskillum
482 943 650 984 pastorem,

253 982 351 1021 Quem
374 985 518 1024 despexit
541 988 676 1027 populus

301 1029 439 1069 Sequens
465 1035 665 1068 vastatorem.

193 1085 224 1116 3.
250 1084 369 1117 Fidens
393 1087 426 1117 in
449 1088 646 1128 principibus

294 1132 404 1164 Turba
426 1134 589 1175 gloriatur,

250 1177 353 1210 Ruina
376 1180 574 1219 sculptilibus

292 1225 379 1256 Iuste
402 1231 622 1266 praeparatur.

192 1280 222 1312 4.
249 1280 390 1313 Iucunda
414 1282 553 1314 laudatio

294 1326 404 1359 Gentis
430 1337 498 1360 cum
525 1331 647 1370 decore,

246 1373 342 1411 Quam
368 1376 505 1413 pastoris
529 1378 635 1416 passio

290 1420 405 1452 Traxit
426 1422 465 1453 ab
492 1431 609 1456 errore.

188 1476 218 1505 5.
246 1476 355 1507 Portas
381 1478 460 1518 tuas,
487 1477 608 1519 Suesia,

289 1522 421 1553 Praesul
447 1523 645 1566 confortavit,

244 1567 326 1599 Dum
353 1569 459 1601 divina
482 1572 585 1610 gratia

286 1615 400 1647 Fidem
424 1619 624 1650 restauravit.

356 1688 400 1716 Ad
418 1690 597 1726 Magnificat.

169 1744 210 1776 A.
239 1744 374 1785 Eskille‚
400 1745 457 1778 flos
481 1750 659 1787 praesulum

282 1792 378 1823 Pater
402 1794 540 1835 pietatis,

240 1836 433 1870 Clericorum
459 1843 629 1881 speculum,

284 1884 405 1917 Doctor
428 1887 582 1928 veritatis,

239 1931 326 1962 Tuae
349 1933 452 1972 replet
476 1936 634 1967 saeculum

282 1977 382 2011 Fama
410 1981 597 2025 sanctitatis,

235 2024 334 2064 Iunge
358 2028 445 2059 tuum
470 2029 621 2068 populum

283 2072 413 2105 Civibus
438 2074 550 2110 beatis,

664 1776 672 1792 7

296 2166 357 2197 Ad
380 2167 644 2202 Matutinum.

367 2240 580 2269 Invitatorium.

230 2286 346 2319 Eskilli
371 2290 520 2329 martyris

274 2335 439 2368 sollemnia

928 577 1049 609 Devote
1074 579 1211 611 celebret

977 624 1119 659 ecclesia.

992 735 1039 767 In
1063 736 1092 769 1.
1113 736 1333 770 Nocturno.

1066 809 1257 845 Antiphonae.

868 866 898 897 1.
926 867 1093 905 Postquam
1117 867 1215 898 hiems
1241 868 1320 899 abiit

970 911 1180 952 Infidelitatis‚

922 957 998 989 Flos
1023 959 1148 990 virtutis
1172 960 1293 997 prodiit

967 1004 1077 1036 Novae
1101 1005 1272 1044 dignitatis

866 1060 897 1092 2.
924 1059 1045 1091 Clamat
1069 1068 1183 1098 praeco
1207 1062 1332 1101 populis

967 1105 1084 1137 Missus
1109 1115 1128 1137 a
1152 1108 1307 1148 supernis,

920 1151 963 1183 Ut
985 1152 1133 1184 intersint
1158 1154 1259 1192 epulis

964 1198 1059 1238 Regis
1081 1200 1273 1238 sempiterni.

860 1254 890 1286 3.
917 1254 1020 1293 Fugat
1043 1263 1153 1287 servus
1176 1255 1303 1288 Domini

962 1301 1075 1332 Varios
1102 1310 1235 1342 errores,

914 1346 1001 1378 Nulli
1027 1348 1141 1379 cedens
1165 1349 1284 1381 homini

960 1393 1066 1425 Novos
1093 1395 1185 1426 docet
1209 1405 1321 1428 mores,

1046 1477 1188 1513 Responsx
1194 1484 1251 1506 mia.

856 1532 886 1563 1.
913 1532 995 1564 Olim
1019 1534 1126 1572 spinas
1151 1535 1329 1574 germinans

959 1579 1060 1611 Terra
1081 1581 1240 1613 vastitatis

910 1625 965 1657 Fit
987 1626 1050 1657 iam
1075 1636 1163 1659 rosas
1187 1637 1340 1669 generans

958 1673 1077 1704 Hortus
1106 1675 1287 1715 voluptatis,

911 1719 1005 1750 Venit
1030 1720 1096 1751 dies
1120 1722 1291 1755 terminans

956 1765 1089 1798 Noctem
1114 1768 1272 1810 vanitatis,

841 1811 877 1844 V.
908 1811 990 1843 Dum
1015 1814 1097 1845 luxit
1121 1815 1251 1847 Sueciae

955 1860 1009 1891 lux
1035 1860 1160 1893 divinae
1184 1863 1321 1901 pietatis,

852 1915 882 1945 2.
911 1914 1030 1955 Gaude,
1057 1915 1135 1948 felix
1160 1918 1284 1962 Suesia,

951 1962 1099 1994 Laudans
1123 1965 1323 2011 salvatorem,

908 2008 986 2046 Quia
1012 2009 1051 2041 de
1074 2010 1239 2044 Britannia

953 2055 1026 2087 Tibi
1052 2057 1107 2088 dat
1129 2061 1298 2100 pastorem,

907 2101 965 2139 Qui
988 2112 1043 2134 vas
1069 2104 1195 2143 plenum
1220 2107 1332 2147 gratia,

954 2148 1071 2181 Christi
1098 2151 1174 2184 dans
1199 2154 1339 2194 odorem,

837 2194 874 2227 V.
904 2194 1035 2227 Erranti
1059 2197 1117 2229 tibi
1141 2199 1184 2230 sit

953 2242 1092 2275 divinum
1118 2245 1181 2277 dux
1202 2247 1236 2278 in
1261 2257 1409 2282 amorem.

849 2297 879 2329 3.
906 2296 1022 2330 Lucem
1047 2301 1155 2333 reddit
1178 2304 1311 2337 nebulae

951 2345 1052 2379 Stella
1075 2350 1239 2391 matutina,
