1650 2542
673 95 929 130 —225—

230 190 291 221 Per
316 190 402 221 cuius
428 191 624 223 sanctitatem

230 236 356 275 Recipit
382 237 547 268 sanitatem

276 282 450 315 Multitudo
475 284 696 323 languentium.

297 403 358 434 Ad
381 402 648 435 Matutinum.

362 476 576 503 Invitatorium.

231 533 409 564 Adoremus
433 532 610 571 Dominum,

235 580 349 618 Regem
375 582 553 611 sanctarum
579 579 741 621 virginum,

235 626 293 663 Qui
315 625 542 665 Kunegundem
568 625 687 656 civibus

237 672 405 704 Coniunxit
429 671 627 704 caelestibus.

297 794 344 825 In
371 793 400 827 l.
427 792 652 825 NocturnO.

378 866 569 900 Antiphonae.

181 924 209 956 1.
234 922 335 954 Beata
359 922 574 961 Kunegundis‚

238 969 407 1001 Parentela
425 968 550 1008 nobilis,

237 1015 299 1047 Sed
323 1014 459 1047 nobilior
480 1023 575 1052 more,

237 1061 441 1093 Nobilissima
465 1060 566 1099 gloria
590 1063 622 1091 et
645 1061 769 1091 honore.

180 1129 210 1158 30

237 1126 321 1164 Lege
344 1125 471 1156 Domini
493 1125 691 1155 immaculata

239 1171 396 1203 Conversa
421 1173 468 1201 est
492 1171 557 1201 eius
582 1170 694 1209 anima,

236 1216 459 1249 Testimonium
481 1216 542 1247 Dei
566 1215 660 1247 fidele

237 1263 429 1303 Sapientiam
443 1265 607 1302 praestans
620 1262 777 1301 parvulae.

180 1332 211 1363 3.
238 1330 391 1361 Innocens
415 1327 558 1359 manibus

238 1375 366 1414 Aptatis
390 1374 588 1413 lampadibus

237 1421 385 1454 Introivit
407 1421 503 1452 hodie

242 1469 350 1500 Portas
379 1468 461 1507 regis
486 1466 613 1506 gloriae.

375 1550 576 1585 Responsoria.

180 1610 211 1643 1.
238 1609 334 1648 Virgo
358 1607 456 1638 mirae
481 1606 643 1647 castitatis,

242 1655 320 1687 Dum
346 1653 461 1694 regalis
485 1652 645 1692 dignitatis

241 1701 440 1734 Praesideret
463 1699 551 1739 solio,

242 1747 403 1781 Continuit
424 1747 457 1777 in
481 1746 614 1777 Domino

238 1795 331 1827 Casto
358 1793 565 1825 matrimonio.

171 1842 209 1874 V.
239 1841 336 1879 Quam
352 1848 409 1878 pro
428 1839 557 1877 coniuge
568 1846 625 1869 rex
638 1837 784 1876 habebat,

243 1888 415 1925 Tamquam
439 1892 577 1915 sororem
603 1883 760 1922 diligebat.

187 1957 218 1987 2.
244 1952 431 1985 Liberorum
456 1949 683 1981 successionem

242 2000 304 2032 Per
329 1997 485 2029 carnalem
511 1995 758 2026 commixtionem

241 2047 438 2085 Exspectare
461 2042 571 2081 noluit,

242 2094 344 2126 Deum
367 2090 516 2122 heredem
543 2088 649 2127 voluit,

242 2140 299 2173 Cui
325 2148 382 2170 sua
406 2137 525 2176 tribuit,

175 2189 211 2221 V.
242 2186 371 2218 Omnem
396 2186 540 2216 ornatum
564 2181 681 2214 saeculi

293 2231 446 2271 despexit,

245 2280 382 2318 Propter
407 2278 554 2309 honorem
579 2274 716 2312 Domini,

293 2334 385 2366 quem
410 2324 530 2356 dilexit.

231 2386 359 2410 moves,
375 2381 496 2405 Historiae
510 2380 662 2409 rhythmicae.
691 2379 731 2403 VI.

845 192 875 223 3.
901 190 1018 221 Notata
1042 190 1087 219 est
1112 187 1207 227 igitur

945 235 1103 267 notamine
1128 233 1259 272 peccati,

903 282 986 320 Quae
1015 287 1168 319 nunquam
1195 277 1352 310 contraria

948 327 1009 359 fuit
1034 326 1179 369 castitati,

903 374 970 406 Nec
995 372 1095 405 defuit

948 421 997 452 illi
1021 419 1119 451 hostis
1144 417 1287 457 tentatio,

899 468 937 499 In
962 476 1023 506 qua
1046 465 1133 497 nulla
1156 463 1293 496 criminis

950 514 1076 544 inventa
1101 514 1148 542 est
1170 510 1323 550 probatio.

838 561 871 593 V.
901 559 1035 599 Diffusa
1071 559 1113 590 est
1146 557 1254 597 qratia
1285 555 1323 587 in
1353 554 1445 586 labiis

905 606 981 647 eius,
1002 607 1172 645 propterea
1195 602 1352 634 benedixzt
1376 609 1447 632 eam

903 652 1003 683 Deus.

967 772 1012 804 In
1038 773 1070 804 2.
1096 769 1320 801 NocturnO.

1045 843 1236 878 Antiphonae.

851 902 881 934 1.
906 900 1026 939 Regina
1050 899 1204 938 quondam
1230 897 1387 929 terrestris

906 947 998 978 Nunc
1022 945 1141 977 assistit
1165 945 1224 976 Dei
1250 943 1371 975 dextris

906 993 943 1024 In
969 995 1055 1024 veste
1080 992 1229 1023 deaurata

908 1039 1027 1070 Ornatu
1051 1037 1181 1069 variata.

850 1096 880 1127 2.
905 1093 944 1125 In
967 1091 1221 1125 tribulationibus

906 1138 1088 1171 Adiuvabat
1112 1146 1180 1169 eam
1203 1136 1298 1169 Deus.

850 1196 882 1228 3.
907 1195 1125 1226 Fundamenta

953 1241 1046 1272 Fidei
1070 1240 1104 1271 in
1127 1239 1282 1270 montibus

1004 1286 1128 1318 Sanctis
1152 1285 1265 1324 posuit,

908 1333 1070 1372 Supraque
1096 1332 1203 1363 domus
1228 1331 1331 1369 posita

954 1381 983 1411 A
1006 1379 1108 1411 ventis
1134 1380 1165 1408 et
1188 1376 1367 1408 fluminibus

998 1425 1120 1457 Movcri
1143 1433 1206 1455 non
1227 1424 1339 1463 potuit.

1043 1498 1249 1533 Responsoria.

852 1557 883 1590 1.
908 1557 970 1589 Pro
994 1555 1078 1587 fama
1103 1563 1175 1594 ergo
1201 1553 1445 1585 conversationis

907 1603 952 1635 Et
974 1602 1076 1642 gratia
1101 1601 1332 1641 expurgationis

908 1650 1015 1689 Elegit
1039 1648 1188 1680 iudicium

911 1697 1080 1729 Vomerum
1108 1695 1303 1726 candentium

840 1745 877 1777 V.
908 1745 1043 1783 Propter
1066 1741 1161 1774 fidem
1187 1741 1339 1773 castitatis

909 1790 953 1822 Et
976 1798 1064 1829 spem
1091 1789 1216 1821 divinae
1239 1788 1377 1827 pietatis.

854 1848 885 1877 2.
913 1845 1051 1884 Cumque
1077 1844 1142 1875 Deo
1174 1845 1299 1885 dilecta,

913 1891 1059 1929 Quamvis
1084 1890 1260 1922 hominibus
1287 1892 1444 1931 suspecta,

911 1938 963 1968 Ad
986 1937 1067 1968 illud
1092 1937 1258 1968 duceretur

958 1983 1118 2023 iudIcium,

912 2030 1068 2070 ingemuit
1092 2033 1122 2061 et
1147 2030 1191 2061 ait

962 2077 1003 2108 ad
1027 2076 1209 2108 Dominum:

846 2124 884 2155 V.
912 2123 1021 2155 ludica
1045 2123 1195 2155 iudicium

961 2178 1072 2210 meum,
1097 2170 1241 2211 Domine,

916 2216 962 2248 Te
986 2219 1096 2248 testem
1120 2217 1231 2249 invoco
1256 2217 1361 2250 hodie.

861 2274 891 2305 3.
917 2272 1007 2304 Dixit
1030 2275 1133 2305 autem
1157 2273 1245 2313 virgo
1269 2282 1350 2312 pura

919 2319 986 2350 Iam
1011 2328 1150 2351 vomeres
1175 2320 1351 2352 calcatura:
