1650 2542
297 208 337 239 Et
361 208 547 239 Franciscus
571 208 610 238 ad
636 208 746 238 ostium

296 255 333 286 In
359 255 458 285 crucis
482 254 607 285 modum
632 253 779 284 cernitur.

240 311 270 342 3.
298 309 404 341 Crucis
429 309 522 341 arbor
547 309 659 340 eximia

295 355 357 386 Per
380 364 413 386 os
437 355 599 387 Francisci
623 361 749 393 surgere

295 402 461 440 Apparens
486 401 566 441 cogit
590 399 697 440 fugere

298 447 471 478 Draconem
496 450 528 477 et
552 445 722 478 daemonia.

240 503 272 535 4.
298 502 404 534 Crucis
429 502 558 540 signum,
583 501 651 531 Tau
673 501 766 531 litera

293 548 411 579 Fronte
435 547 593 578 Francisci
618 546 772 587 scribitur,

293 595 358 631 Qua
382 594 468 624 varia
493 593 691 631 distinguitur

294 639 441 670 Miranda
464 639 541 669 lucis
566 646 670 678 opera.

238 695 268 726 5.
295 693 401 725 Crucis
425 702 569 733 magnum
592 693 772 732 mysterium

294 739 393 778 Super
416 740 584 771 Francisco
609 739 730 776 claruit,

293 785 374 816 Dum
399 786 537 825 signatus
562 785 707 826 apparuit

295 831 394 863 Cruce
419 832 548 863 duorum
574 832 700 864 ensium.

403 923 447 949 Ad
466 922 642 957 Magnificat.

224 978 263 1010 A.
296 978 456 1009 Caelorum
483 980 599 1010 candor
623 979 791 1018 splenduit,

291 1023 413 1055 Novum
438 1025 524 1055 sidus
549 1025 682 1064 emicuit,

293 1070 387 1101 Sacer
411 1070 596 1101 Franciscus
622 1071 743 1110 claruit,

293 1116 349 1148 Cui
367 1116 485 1155 Seraph
509 1117 663 1157 apparuit,

293 1161 423 1201 Signans
449 1171 517 1193 eum
542 1163 722 1194 charactere

292 1208 328 1239 In
353 1208 441 1249 volis,
466 1209 592 1249 plantis,
616 1209 724 1248 latere,

962 205 1043 236 Dum
1069 202 1201 236 formam
1227 204 1327 235 crucis
1352 212 1460 243 gerere

963 250 1040 282 Vult
1063 251 1166 293 corde,
1193 259 1257 290 ore,
1283 258 1388 289 opere.

1033 334 1075 365 In
1102 336 1133 366 2.
1159 334 1373 372 Vesperis.

1081 398 1126 425 Ad
1144 396 1318 431 Magnificat.

922 473 930 481 .
961 450 1068 481 Crucis
1093 452 1225 490 apparet
1249 449 1350 480 hostia

960 496 1070 527 Tensis
1094 496 1127 527 in
1153 504 1245 527 cruce
1268 495 1418 534 brachiis,

960 542 1022 573 Scx
1046 543 1104 573 alis
1130 545 1212 573 tecta
1238 542 1333 573 variis

960 589 1035 621 Cum
1060 589 1163 621 vultus
1189 588 1352 627 elegantia,

959 634 1027 672 Qua
1049 634 1211 665 Francisci
1237 642 1291 665 cor
1315 635 1446 666 attrahit

959 681 1085 719 Augens
1111 681 1139 710 ei
1164 680 1352 711 charismata

962 725 1085 765 Suaque
1109 734 1201 757 sacra
1225 726 1370 765 stigmata

959 773 996 803 In
1022 772 1085 803 eius
1110 780 1204 803 carne
1227 772 1393 810 protrahit,

1066 835 1134 862 Alia
1150 835 1326 870 Anfiphona.

959 888 1087 926 Plaude,
1112 888 1208 919 turba
1230 889 1431 928 paupercula,

957 934 1012 965 Ad
1034 937 1156 974 patrem
1181 933 1281 965 clama
1304 943 1492 974 pauperem3

957 980 1027 1011 Hoc
1049 980 1180 1019 lugubre
1204 980 1383 1020 suspirium,

957 1026 1053 1057 Pater
1075 1025 1254 1065 Francisce,
1285 1027 1409 1065 suscipe

955 1072 999 1103 Et
1022 1072 1122 1112 prode
1148 1072 1270 1104 Christo
1295 1072 1442 1112 stigmata

955 1118 1089 1157 LateriS,
1115 1118 1239 1160 pedum,
1265 1127 1420 1159 manuum,

954 1165 1001 1196 Ut
1023 1164 1112 1195 nobis
1136 1164 1251 1196 reddat
1275 1165 1422 1204 orphanis

955 1210 1049 1242 Tanti
1072 1211 1171 1249 patris
1196 1210 1357 1244 vicarium.

296 1289 378 1316 Brev.
399 1298 451 1316 ms.
470 1291 694 1317 Franciscanum
713 1299 787 1318 saec.
808 1289 851 1317 15.
893 1291 959 1317 Cod.
981 1291 1288 1327 Claustroneobuxgen.
1311 1290 1391 1320 1164.
1409 1294 1443 1320 A.
1463 1310 1500 1314 —

222 1326 307 1353 Brev.
334 1335 386 1353 ms.
406 1327 625 1354 Franciseanum
653 1329 720 1354 anni
743 1326 822 1355 1464.
859 1328 927 1355 Cod.
949 1328 1116 1355 Admonten.
1137 1327 1200 1356 581.
1220 1330 1253 1356 Β.
1284 1343 1319 1347 -
1345 1330 1427 1357 Brev.
1448 1340 1500 1358 ms.

224 1363 446 1390 Franciscanum
466 1365 534 1390 anni
556 1362 628 1391 1492
671 1364 740 1391 clm.
760 1365 909 1392 Monacen.
930 1363 1035 1392 23152.
1057 1365 1086 1392 G.
1106 1381 1144 1385 —
1162 1366 1207 1393 Ad
1225 1367 1308 1393 Noct.
1329 1369 1365 1393 et.
1386 1368 1500 1395 Laudes

224 1399 294 1426 alles
320 1401 376 1427 wie
401 1408 446 1426 arn
466 1401 638 1436 Hauptfeste
659 1400 718 1433 (cfr.
738 1402 822 1428 Anal.
844 1402 878 1436 V,
902 1400 972 1436 175).
1010 1403 1145 1437 Hymnen
1165 1402 1263 1430 Crucis
1285 1403 1392 1431 Christi
1419 1414 1500 1433 mons

222 1436 345 1463 Alverne
365 1436 459 1470 (Anal.
482 1438 532 1472 IV,
554 1436 618 1472 140)
636 1438 695 1465 und
716 1438 815 1466 Crucis
838 1447 918 1465 arma
935 1439 1075 1474 fulgentia
1093 1440 1189 1470 (Mone
1208 1441 1262 1473 111,
1282 1438 1358 1476 303).

658 1583 700 1614 14.
733 1584 775 1614 De
797 1584 902 1614 sancto
925 1583 1076 1615 Gabriele.

354 1669 400 1700 In
424 1670 455 1701 1.
482 1670 691 1709 Vespcris.

429 1741 618 1776 Antiphonae.

234 1796 262 1828 1.
289 1797 497 1828 Iueundomur
520 1799 554 1829 in
577 1799 714 1831 adventu

338 1843 492 1875 Gabrielis
518 1845 635 1884 caelici,

290 1889 406 1926 Quibus
430 1891 529 1921 assint
551 1891 584 1922 in
610 1895 760 1924 concentu

334 1935 468 1974 Spiritus
493 1938 634 1976 angelici.

231 1991 262 2021 2.
288 1990 355 2020 Rex
381 1992 535 2022 caelorum
559 1994 717 2026 ordinavit

334 2036 427 2067 Hunc
451 2046 488 2068 ex
512 2039 599 2070 mille
622 2040 747 2071 milibus

286 2083 487 2123 Angelorum,
513 2093 603 2123 quem
625 2086 741 2126 legavit

334 2130 363 2159 A
387 2131 529 2168 supernis
554 2131 688 2164 sedibus.

231 2185 262 2217 3.
288 2184 371 2216 Huic
395 2186 588 2217 commissum
615 2188 669 2218 dat
691 2196 807 2219 arcana

335 2231 510 2263 Reserandi
533 2234 680 2273 pectoris,

290 2277 374 2315 Quae
398 2276 553 2316 proferret
577 2288 653 2311 voce
676 2281 771 2319 plana

334 2323 389 2355 Sui
416 2333 533 2356 memor
557 2327 668 2365 operis.

894 1672 926 1703 4.
952 1671 1018 1702 1am
1045 1671 1208 1702 descendit
1231 1672 1273 1702 ad
1297 1672 1435 1704 humana

999 1716 1089 1748 Nova
1112 1715 1216 1747 ferens
1240 1718 1363 1760 gaudia,

952 1763 1037 1794 Mira
1060 1762 1183 1803 profert
1205 1764 1261 1795 sed
1286 1773 1348 1796 non
1374 1774 1457 1797 vana

999 1809 1164 1840 Disserens
1190 1810 1321 1849 eloquia.

897 1885 927 1916 5.
953 1883 1056 1914 intrat
1080 1884 1218 1914 clausum
1243 1885 1332 1916 vultu
1355 1886 1439 1918 claro

1000 1930 1161 1969 Virginale
1184 1931 1365 1969 thalamum,

953 1977 1022 2007 Ave
1048 1977 1125 2007 dicit
1148 1977 1243 2007 verbo
1268 1985 1341 2009 caro

999 2022 1100 2061 Super
1122 2031 1213 2053 omne
1236 2023 1419 2056 balsamum.

1076 2123 1119 2149 Ad
1138 2122 1316 2159 Magnificat.

884 2190 924 2221 A.
955 2189 979 2220 O
1005 2187 1156 2221 fortitudo
1182 2188 1321 2229 Gabriel,

1000 2235 1058 2273 Qui
1082 2236 1283 2274 praenuntias
1309 2241 1474 2269 venturum

955 2281 1083 2319 Quando
1107 2283 1139 2312 te
1160 2282 1241 2313 vidit
1263 2282 1388 2323 Daniel,

1003 2327 1120 2359 Doctus
1146 2326 1216 2370 fuit,
1241 2333 1276 2360 ut
1300 2328 1438 2361 futurum
