1650 2542
277 214 334 245 Vir
358 216 482 244 sanctus
508 214 592 245 venit

316 260 398 299 regis
419 260 561 298 linquens
586 260 763 300 equitatum,

204 306 239 339 V.
270 307 441 337 Assumens
465 306 584 336 asinum

319 352 441 391 vulgari
464 352 556 383 modo
581 353 732 389 paratum.

326 462 370 493 In
394 463 423 493 2.
450 461 506 493 No
517 466 674 494 cturn0.

413 533 598 568 Antiphonae.

219 590 249 621 1.
279 589 423 620 Nondum
447 592 571 620 sanctus
595 590 685 622 homo

320 635 437 674 regalia
460 637 543 666 tecta
566 636 703 680 tenebat,

270 681 368 720 Regia
391 683 465 712 nata
490 682 548 713 viri

317 727 435 757 meritis
459 727 521 759 iam
547 736 625 759 sana
647 729 782 768 vigebat.

213 783 243 812 2.
270 781 362 820 Virgo
387 780 447 812 fuit
471 790 572 823 caeca,

316 826 376 857 fuit
402 827 481 858 haee
505 828 543 859 ab
568 829 686 868 origine
710 834 805 862 muta.

271 873 366 903 Vadit
389 872 546 913 inoffensa,

319 927 377 957 quo
402 919 514 959 gliscit,
539 929 669 959 corpore
692 925 768 954 tuta.

215 974 245 1004 3.
272 973 439 1004 Praedieat
462 974 628 1006 adventum

319 1020 418 1050 sancti
442 1029 499 1051 sua
520 1021 626 1060 lingua
649 1022 758 1054 soluta.

272 1065 333 1096 Ore
355 1065 531 1104 prophetali

314 1112 478 1150 praesagia
501 1121 577 1145 vera
600 1114 711 1145 locuta.

400 1184 602 1219 Responsoria.

216 1238 246 1270 1.
270 1238 411 1278 Hospitis
435 1240 601 1273 adventum

291 1288 458 1317 veneratur
483 1288 569 1318 curia
591 1291 667 1329 tota,

267 1331 363 1370 Virgo
387 1332 488 1363 Deum
511 1334 620 1365 laudat

316 1378 475 1409 oculorum
498 1380 580 1411 nube
603 1384 731 1422 remota,

199 1423 237 1454 V.
266 1423 470 1463 Magnificant
495 1425 610 1457 Christi

318 1468 467 1501 famulum
490 1473 608 1511 regalia
629 1477 709 1506 vota.

214 1525 247 1556 2.
272 1524 303 1555 A
328 1525 416 1556 radio
440 1527 515 1557 solis

315 1571 462 1611 chlamys
471 1582 488 1605 0
495 1582 545 1604 res
551 1575 639 1614 mira,
645 1576 806 1616 pependit,

269 1617 404 1657 Palmas‚
431 1621 465 1649 ut
489 1619 684 1659 chlamydem

315 1667 449 1704 caperet,
466 1665 539 1696 dum
554 1675 644 1698 nemo
662 1668 805 1707 tetendit,

198 1708 235 1739 V.
267 1708 315 1739 De
338 1714 445 1742 saneto
470 1712 559 1742 testis

314 1753 373 1786 fuit
398 1764 469 1787 aere
492 1758 630 1795 pendula
653 1760 759 1793 vestis

215 1811 245 1842 3.
271 1810 397 1841 Intrans
421 1819 478 1849 per
501 1812 611 1843 rimam

319 1854 357 1886 fit
378 1858 499 1895 pertica
522 1858 577 1888 lux
600 1860 735 1900 radiosa,

273 1902 339 1940 Qua
362 1906 552 1935 sustentatur

315 1949 409 1979 vest-is
435 1950 573 1988 quamvis
598 1959 736 1994 onerosa,

201 1994 239 2024 V.
270 1994 365 2026 Curia
387 1996 527 2036 miratur,

324 2040 396 2071 dum
411 2050 461 2072 res
478 2045 541 2073 tam
557 2043 638 2074 mira
654 2046 807 2082 patratur.

327 2152 372 2183 In
399 2153 429 2184 3.
454 2152 679 2187 Nocturno.

405 2225 596 2261 Antiphonae.

216 2282 245 2313 1.
272 2280 437 2312 Defectum
461 2283 544 2313 servi

314 2327 470 2367 subplevit
493 2329 594 2368 gratia
616 2331 700 2370 solis,

939 212 1011 244 Non
1036 213 1112 244 vicit
1135 215 1243 244 tenues

984 260 1103 291 atomos
1128 258 1289 299 oppressio
1313 258 1413 292 moliS.

880 316 911 348 2.
936 314 1051 345 Rerum
1074 317 1186 346 natura

982 363 1087 400 stupet
1110 361 1148 393 ob
1175 361 1321 393 caelestia
1343 361 1422 400 iura,

938 407 1021 445 Quae
1047 407 1111 438 fert
1133 408 1272 438 iustitiae

982 453 1037 492 sol,
1064 454 1169 492 proles
1195 454 1281 485 clara
1304 454 1436 486 Mariae.

882 510 912 540 3.
942 508 996 539 Vir
1019 509 1185 540 salvatoris

979 555 1073 586 matri
1096 555 1269 593 praebebat
1292 556 1429 596 honoris,

935 601 1092 639 Quidquid
1117 602 1292 641 oportebat,

981 647 1034 685 qui
1046 655 1166 678 sacrum
1184 656 1319 686 pneuma
1334 649 1449 687 gereba

1066 729 1268 764 Responsoria.

878 785 906 816 1.
934 784 1046 816 Gai-tae
1069 788 1239 824 perpetuae

978 831 1035 862 sub
1061 830 1262 863 confirmante
1286 832 1392 864 libello

932 877 999 908 Rex
1025 878 1178 908 concessit
1202 879 1239 917 ei,

978 926 1125 961 quantum
1150 924 1300 956 transiret
1323 926 1429 968 asello,

865 970 899 1000 V.
931 969 1049 1001 Balnea
1075 970 1147 1001 dum
1171 974 1307 1002 sumeret

979 1017 1010 1045 et
1030 1015 1069 1046 ab
1093 1016 1142 1046 his
1166 1017 1296 1048 vestitus
1321 1017 1431 1048 abiret.

874 1072 904 1101 2.
931 1070 1085 1108 Tempore
1110 1070 1237 1109 duplato

978 1124 1042 1147 non
1064 1116 1127 1147 iret
1151 1125 1246 1156 equus
1271 1117 1459 1161 stimulatus,

932 1162 1086 1201 Quantum
1110 1163 1257 1194 transivit

980 1208 1111 1239 brunelli
1135 1218 1190 1248 pes
1215 1210 1360 1249 agitatus,

861 1253 899 1286 V.
930 1254 1038 1285 Donec
1061 1263 1117 1285 rex
1141 1256 1275 1294 sumpsit

978 1300 1172 1332 chirothecas
1197 1311 1288 1333 amne
1311 1303 1440 1343 rigatus.

875 1356 893 1387 3
900 1381 907 1387 .
932 1355 1171 1394 Argentinensis

977 1403 1104 1440 praesul
1127 1402 1306 1436 Florentius
1332 1407 1419 1437 actus

931 1446 1055 1478 Floruit
1078 1451 1109 1479 et
1135 1449 1227 1480 dictis

982 1496 1014 1524 et
1037 1492 1140 1534 factis,
1166 1504 1256 1534 quem
1281 1496 1475 1536 stupefactus

935 1539 1044 1571 Gleius
1071 1541 1181 1572 dilexit

980 1589 1011 1616 et
1041 1587 1131 1625 plebs
1156 1588 1308 1620 miracula
1333 1598 1472 1630 cernens,

862 1633 900 1663 V.
929 1630 1013 1663 Grex
1037 1634 1172 1671 pastoris
1195 1635 1257 1665 iter

979 1679 1117 1710 servavit
1142 1680 1233 1712 devia
1257 1690 1418 1720 spernens

1018 1772 1064 1803 In
1087 1771 1314 1806 Laudibus,

1071 1845 1188 1878 Antiph‹
1194 1854 1263 1873 mae.

879 1899 907 1930 1.
934 1900 1037 1931 Patris
1062 1904 1134 1940 post
1157 1902 1275 1933 obitum

977 1945 1057 1978 fiunt
1077 1948 1229 1980 miracula
1253 1950 1361 1989 multa,

933 1991 1012 2024 Sunt
1034 1994 1188 2025 translata
1211 1994 1272 2026 Dei

979 2042 1056 2070 nutu
1080 2049 1137 2071 sua
1159 2041 1299 2072 membra
1324 2043 1456 2081 sepulta.

876 2094 906 2124 2.
932 2094 970 2125 In
996 2102 1089 2133 capsa
1110 2097 1236 2134 praesul

977 2141 1060 2171 iacet
1071 2141 1132 2180 hie,
1151 2142 1205 2173 ubi
1216 2147 1376 2176 manserat
1388 2149 1470 2185 ante,

933 2186 1037 2217 Patris
1062 2189 1236 2226 praesentis

979 2232 1125 2274 suffragia
1148 2235 1240 2273 plebe
1263 2237 1426 2275 probante.

877 2289 907 2320 3.
930 2288 1001 2319 Huc
1024 2297 1103 2327 puer
1127 2290 1250 2323 adlatus

979 2335 1067 2373 quasi
1091 2339 1231 2369 mortuus
1248 2341 1296 2370 est
1312 2344 1475 2374 revocatus
