1650 2542
732 143 984 177 -236-

642 233 680 265 81.
714 233 755 264 De
775 234 879 263 sancto
898 231 1068 262 Lamberto.

356 305 400 336 In
429 305 456 336 1.
483 302 697 341 VesperiS.

425 383 616 419 Antiphonae.

231 451 261 482 l.
288 449 432 481 Gloriosa
455 449 564 479 rutilat

331 494 491 526 Lamberti
515 494 657 530 victoria,

285 541 409 572 Laudes
433 539 499 570 Deo
523 539 637 570 iubilat

330 586 433 617 Mater
459 585 532 616 Sion
557 585 696 617 ecclesia.

229 643 258 673 2.
286 641 366 671 Vere
391 640 484 679 digna
507 640 645 671 recolatu

329 686 481 725 Martyris
497 686 656 727 memoria,

285 733 407 764 Saeculi
428 735 585 772 prostrato
609 734 692 763 statu

330 779 456 810 Palmae
482 777 555 809 freti
579 778 688 817 gloria.

229 836 258 867 3.
285 833 468 865 Lambertus
492 833 530 872 is,
554 834 677 872 patriae

329 880 457 911 Praesul
482 882 513 910 et
536 880 671 921 lucerna,

283 926 371 957 Viam
396 926 459 956 suis
484 926 603 964 gratiae

331 973 486 1004 Monstrat
508 972 547 1003 ad
573 981 717 1011 superna.

226 1030 259 1060 4.
284 1027 379 1065 Quam
405 1027 528 1057 diversa
550 1035 607 1065 per
632 1027 713 1057 hunc
737 1027 816 1058 mira

330 1072 529 1111 Portendisti,
555 1072 697 1112 Domine,

284 1119 341 1156 Qui
365 1127 421 1157 pro
446 1121 498 1148 tuo
522 1119 630 1149 mortis
656 1119 725 1150 dira

329 1165 446 1196 Libens
470 1164 543 1194 tulit
565 1165 697 1196 nomine.

228 1222 257 1252 5.
284 1220 414 1251 Praesul
441 1222 564 1250 sanctus
589 1220 691 1250 adhuc
713 1223 821 1251 anctus

330 1266 447 1297 Puerili
472 1265 597 1304 gremio,

284 1312 404 1343 Viridio
428 1319 550 1349 semper
574 1311 625 1349 pio

332 1356 524 1388 Oohaerebat
546 1356 659 1389 studio.

216 1412 253 1444 R.
284 1411 307 1442 O
335 1419 498 1442 coruscans
520 1412 697 1451 margarita,

331 1457 417 1488 Bone
441 1457 503 1488 dux
525 1457 702 1498 Lamberte,

286 1503 331 1534 Te
357 1506 501 1534 canentes
525 1503 563 1534 ab
588 1504 648 1534 hac
670 1504 736 1535 vita

331 1549 456 1581 Peccati
481 1552 626 1581 converte

330 1595 391 1626 Per
414 1598 499 1626 tuam
523 1596 686 1638 virtutem3

285 1641 421 1672 Mentem
444 1642 528 1680 piam
552 1642 683 1681 miseris,

286 1687 381 1718 Nobis
404 1688 466 1718 tuis
489 1688 623 1726 posteris

329 1733 454 1764 Donans
477 1736 508 1764 et
530 1735 670 1765 salutem.

214 1779 251 1812 V.
279 1780 368 1811 Omni
390 1780 472 1811 clero
497 1781 581 1811 cultu
605 1789 678 1811 vero

282 1825 344 1856 Sub
370 1826 428 1856 hoc
453 1826 504 1857 die
525 1826 679 1858 melodiae

329 1872 480 1903 Psallenti
503 1872 670 1911 praeconia

328 1918 399 1948 Tibi
424 1917 472 1949 fer
496 1919 610 1949 auxilia

373 1964 469 1996 Vultu
491 1965 640 2005 diligenti.

392 2056 437 2082 Ad
459 2056 633 2091 Magnificat.

212 2124 251 2153 A.
280 2122 395 2160 Magna
419 2130 478 2153 vox
502 2123 596 2154 laude
618 2132 730 2154 sonora

328 2170 360 2198 te
384 2168 473 2199 decet
495 2177 553 2207 per
577 2171 688 2209 omnia,

283 2214 348 2252 Quo
372 2214 438 2253 poli
464 2215 576 2246 chorea
599 2217 712 2255 gaudet

325 2263 415 2292 aucta
438 2262 495 2292 tali
519 2270 673 2302 compare,

280 2306 380 2338 Terra
402 2307 526 2347 plaudit
550 2311 581 2339 et
604 2310 744 2349 resultat,

328 2354 421 2393 digna
441 2356 527 2386 tanto
551 2357 705 2395 praesule,

952 299 976 331 O
1002 308 1090 330 sacer
1112 299 1280 330 Lamberte
1303 301 1434 336 martyr,

998 349 1105 377 nostra
1128 349 1202 377 vota
1226 345 1360 384 suscipe.

1019 446 1078 477 Ad
1103 446 1363 478 Matutinum.

1081 519 1293 546 Invitatorium.

952 575 1074 606 Christo
1100 576 1164 614 regi
1190 575 1355 606 iubilemus

995 621 1150 661 Regnanti
1173 629 1231 660 per
1255 621 1358 652 omnia

949 667 993 698 Et
1015 667 1184 699 Lambcrto
1211 667 1409 698 decantemus

995 714 1188 746 Psalmorum
1212 713 1384 745 sollemnia.

1005 826 1050 856 In
1079 826 1107 857 1.
1134 824 1365 856 Nocturno.

916 922 923 929 .
950 897 1135 929 Lambertus
1158 898 1323 938 insignium

996 945 1088 976 Ortus
1114 947 1161 975 est
1185 953 1222 975 ex
1247 952 1369 984 genere,

948 990 1066 1021 Terrae
1089 991 1336 1021 Traiectensium

995 1036 1086 1068 Claro
1111 1037 1228 1068 micans
1253 1037 1365 1068 sidere.

916 1116 923 1123 .
948 1091 1011 1122 Hic
1034 1101 1054 1122 a
1077 1092 1213 1131 pueritia

994 1138 1094 1169 Datus
1119 1138 1215 1169 sacris
1240 1137 1359 1168 artibus

950 1183 1083 1215 Cunctos
1107 1184 1138 1214 in
1164 1184 1294 1214 scientia

994 1230 1101 1261 Vincit
1124 1233 1155 1260 et
1178 1229 1354 1261 virtutibus.

891 1285 920 1314 ‘.
946 1284 1006 1315 Tot
1031 1287 1062 1314 et
1083 1284 1179 1315 tantis
1205 1284 1318 1315 donum

992 1330 1091 1361 titulis
1115 1330 1188 1360 beat
1209 1330 1303 1361 istum
1327 1332 1449 1370 natura,

950 1376 1037 1414 Quod
1062 1385 1096 1407 se
1120 1375 1243 1407 felicem

997 1422 1114 1453 subolis
1137 1423 1232 1453 iactat
1257 1423 1348 1454 huius
1372 1421 1482 1462 figura.

1084 1496 1287 1531 Responsoria.

917 1578 923 1584 .
951 1550 1137 1583 Claruerunt
1161 1552 1327 1591 dignitates

992 1598 1030 1628 ln
1053 1597 1221 1630 Lamberto
1245 1599 1351 1630 variae

947 1643 1115 1674 Parentum
1141 1644 1357 1686 sublimitates,

946 1689 1049 1720 Rarae
1072 1689 1191 1721 formae
1213 1694 1391 1722 venustates

992 1735 1035 1767 Et
1058 1745 1150 1775 quam
1174 1737 1281 1775 plures
1305 1738 1405 1777 aliae,

908 1805 915 1812 .
946 1781 1027 1813 Fide
1051 1783 1175 1822 quidem
1200 1784 1316 1814 arduus

946 1828 1035 1867 Erat,
1061 1837 1117 1867 spe
1142 1830 1337 1869 conspicuus,

949 1874 1086 1906 Caritate
1111 1878 1264 1908 strenuus.

891 1935 922 1961 ⁸.
948 1929 1072 1961 Puerile
1100 1930 1152 1961 hic
1176 1932 1291 1963 servile

992 1977 1101 2016 Iugum
1125 1978 1188 2008 iam
1211 1981 1320 2009 exutus

949 2022 1136 2063 Disciplinas
1162 2027 1209 2054 est
1232 2024 1353 2055 divinas

946 2070 975 2100 A
999 2069 1186 2101 Theodardo
1209 2070 1355 2109 praesule

992 2114 1116 2147 Summe
1140 2118 1339 2158 consecutus3

908 2187 915 2194 .
945 2161 1041 2199 Quem
1065 2161 1194 2194 antistes
1218 2161 1256 2191 ob
1282 2171 1416 2193 amorem

947 2207 1043 2246 Optat
1065 2207 1125 2237 sibi
1149 2215 1369 2241 successorem.

914 2287 921 2294 .
946 2263 1055 2293 Virum
1079 2262 1161 2292 hunc
1185 2264 1339 2303 egregium

946 2308 1036 2339 Sedis
1060 2307 1304 2341 Traiectensium

992 2353 1129 2384 Vacante
1153 2359 1315 2394 pastoratu
