1650 2542
748 143 1003 177 —192-

273 269 280 276 .
309 243 485 275 Stemmatis
509 240 706 280 pompositas,

354 289 477 321 Morum
501 286 651 327 elegantia

312 336 355 367 Et
377 336 525 367 virtutum
547 332 685 373 probitas

357 381 436 413 Sunt
457 380 489 411 in
514 380 573 410 1130
594 377 775 409 substantia.

278 461 285 467 .
312 435 438 473 Quando
463 433 523 465 fuit
543 441 674 472 peregre

356 489 410 511 rex
435 478 637 519 profecturus,
661 478 807 508 honorem

311 526 438 565 Optavit
461 525 551 564 proli,

355 572 410 603 sed
435 579 510 602 onus
531 579 591 601 non
609 568 734 599 sustulit
749 569 844 606 aetas,

310 617 507 656 Perpendens
531 618 621 654 pater
644 615 713 653 hoc,

354 663 522 703 compassio
547 661 703 701 sanguinis
727 661 833 700 urget,

271 733 278 740 .
307 709 452 748 Disponit
476 708 597 739 cuidam

356 755 444 794 pueri
468 754 659 786 committere
684 760 797 784 curam.

275 834 282 841 .
309 810 377 842 Hoc
401 811 515 841 statuto
542 809 580 840 de
605 807 739 844 Kanuto,

355 855 440 893 Quod
465 857 555 893 pater
583 853 743 892 disposuit,

309 902 399 933 Dicto
425 901 494 932 vale
517 901 564 930 ius
588 900 692 938 regale

354 948 442 978 Tunc
465 946 624 977 Haraldus
648 945 787 984 suscipit,

312 994 458 1025 Inchoato
483 995 553 1023 voto
578 994 665 1031 grato

353 1039 418 1070 Iter
442 1047 497 1069 rex
521 1037 672 1077 arripuit;

272 1111 278 1117 .
308 1085 427 1116 Mansit
449 1092 527 1122 puer
552 1092 619 1114 cum
645 1083 791 1122 cognatis,

311 1131 354 1162 Et
378 1139 445 1161 cum
468 1132 568 1161 matre
592 1132 681 1168 pater
705 1129 800 1168 gratis

355 1176 539 1215 Peregrinus
562 1174 695 1214 proficit.

365 1297 410 1327 In
436 1297 466 1328 2.
492 1295 716 1326 Nocturno.

444 1376 633 1411 Antiphonae.

280 1468 287 1474 .
314 1442 388 1474 Cum
413 1442 598 1480 invocarem,
625 1440 778 1472 exaudisti

308 1489 505 1519 Invocantem
529 1496 640 1519 nomen
664 1486 781 1519 Christi

307 1534 350 1565 Et
372 1543 429 1573 pro
453 1536 552 1565 morte
575 1532 739 1572 temporali

308 1581 346 1611 In
370 1589 426 1619 spe
451 1580 533 1611 vitae
556 1579 706 1619 singulari

357 1626 551 1658 Constituisti
574 1635 632 1658 me.

276 1708 282 1713 .
310 1681 412 1712 Verba
435 1690 504 1711 mea
528 1683 600 1711 511111
622 1682 798 1720 praecepta,

307 1726 411 1757 Morte
435 1727 499 1758 vita
523 1730 569 1757 est
594 1727 716 1767 adepta,

308 1772 394 1803 Mors
416 1773 493 1803 haee
516 1772 577 1803 tuis
599 1774 688 1811 grata
711 1771 797 1809 satis,

309 1817 401 1849 Scuto
426 1818 524 1849 bonae
547 1817 713 1849 voluntatis

355 1864 514 1895 Coronasti
538 1873 603 1896 nos.

277 1946 283 1951 .
309 1919 449 1959 Domine,
475 1919 624 1950 Dominus
649 1920 753 1949 noster
778 1927 810 1949 es

308 1965 352 1996 Et
374 1966 473 1996 sancti
496 1966 541 1996 tui
566 1965 696 2004 requies,

309 2010 469 2042 Goronasti
496 2012 578 2042 hunc
600 2011 632 2041 in
659 2011 762 2049 caelis,

311 2056 407 2094 Quem
431 2057 563 2087 honorat
585 2056 674 2096 plebs
698 2056 809 2087 fidelis.

440 2148 641 2182 Responsoria.

275 2238 282 2244 .
308 2214 374 2244 Iam
398 2211 455 2244 flos
476 2221 650 2251 purpureus

308 2259 416 2299 Spirat
439 2259 535 2290 odore

309 2305 454 2336 Germine
473 2304 572 2346 iustis,

311 2351 464 2390 Tempore
486 2351 595 2382 messis

903 327 939 359 V.

915 524 946 554 2.

900 752 943 783 V.

915 900 945 931 3.

903 1177 940 1209 V.

972 234 1086 266 Dulcia
1109 242 1206 273 grana

972 281 1068 312 Ducit
1090 280 1122 311 in
1147 280 1261 318 altum3

969 327 1015 359 Ut
1037 335 1115 365 puer
1138 326 1193 357 ille

975 373 1113 412 Corpore
1138 372 1245 412 crevit,

973 419 1080 451 Crevit
1102 419 1136 449 in
1158 418 1213 449 illo

973 465 1083 497 Gratia
1105 464 1231 497 Christi.

972 521 1075 553 Instat
1098 523 1220 558 tempus
1245 517 1427 558 iuventutis,

1016 567 1151 598 Fructus
1174 568 1263 604 patet
1285 564 1405 604 gratiae

971 614 1015 645 Et
1041 613 1150 643 salutis
1175 614 1206 642 et
1230 610 1364 648 virtutis,

970 660 1032 691 Per
1056 666 1146 697 quem
1169 658 1240 697 iugo
1265 655 1423 688 servitutis

1018 704 1111 735 Plebs
1135 704 1279 743 privatur
1302 702 1439 739 Daciae,

974 751 1164 783 Constitutus
1189 752 1236 780 est
1260 749 1404 780 Kanutus

971 797 1044 828 Dux
1066 796 1099 827 in
1123 804 1218 835 regno

1017 843 1061 874 Et
1083 842 1229 881 princeps
1253 841 1284 871 in
1308 840 1383 871 acie.

967 898 1040 930 Dux
1063 898 1115 929 hic
1138 896 1240 928 factus
1264 896 1311 926 5111
1333 895 1411 926 iuris

1018 944 1128 983 Diligit
1153 942 1301 974 iustitiam

970 991 1014 1022 Et
1037 991 1069 1021 in
1092 990 1186 1021 rebus
1211 987 1385 1020 defensuris

1019 1036 1146 1068 Obtinet
1168 1034 1342 1073 victoriam,

967 1083 1077 1116 Perdit
1100 1090 1213 1121 pravos
1238 1089 1257 1111 a
1281 1079 1436 1119 pressuris

1019 1129 1212 1160 Conservans
1237 1126 1411 1163 ecclesiam,

971 1174 1164 1213 Pauperibus
1189 1175 1279 1212 pater
1302 1172 1359 1203 ille
1382 1172 1452 1210 pius

1016 1220 1053 1251 fit
1076 1222 1184 1259 pastor
1209 1219 1322 1258 egenis.

1032 1368 1076 1399 In
1101 1369 1130 1400 3.
1157 1367 1214 1398 No
1227 1369 1386 1398 cturno.

1111 1458 1303 1494 Antiphonae.

940 1549 947 1556 .
971 1526 1063 1563 Ecce,
1089 1528 1279 1564 peccatores,

971 1572 1059 1603 Falsi
1083 1571 1260 1610 proditores

971 1673 1113 1710 Domine,
1139 1672 1207 1710 quis
1230 1671 1394 1709 habitabit,

971 1719 1014 1751 Et
1038 1728 1107 1749 cum
1129 1719 1244 1749 sanctis
1270 1717 1338 1756 quis
1362 1716 1494 1749 intrabit

1015 1766 1053 1796 In
1077 1767 1131 1795 tua
1153 1762 1380 1795 tabernacula?

972 1811 1066 1842 Miles
1090 1813 1162 1843 tuus
1188 1813 1219 1841 et
1239 1810 1367 1848 athleta,

972 1857 1160 1889 lmmortalis
1185 1857 1268 1887 vitae
1291 1859 1375 1888 meta

1018 1905 1166 1936 Inventus
1189 1903 1257 1933 sine
1280 1903 1411 1942 macula,

971 1950 1041 1981 Non
1065 1949 1241 1981 movebitur
1263 1949 1296 1979 in
1321 1951 1491 1981 aeternum.

972 2005 1112 2044 Domine,
1138 2005 1171 2035 in
1195 2004 1311 2035 virtute
1334 2006 1387 2034 tua

972 2051 1079 2083 Sancti
1106 2052 1240 2081 laetetur
1263 2050 1375 2088 anima,

968 2097 1028 2128 Pro
1053 2097 1139 2128 euius
1163 2104 1276 2134 magna
1299 2096 1399 2134 gloria

972 2144 1144 2175 Psallemus
1167 2142 1299 2172 virtutes
1323 2145 1403 2175 11135.

1102 2242 1307 2277 Responsoria.

918 2309 947 2341 1.
974 2308 1086 2339 Pacem
1109 2307 1208 2339 Danis
1232 2314 1264 2340 et
1286 2311 1417 2350 paganis

1019 2354 1131 2386 Fidem
1157 2359 1282 2389 sanctus
1308 2357 1450 2400 contulit,
