1650 2542
725 145 975 180 —140—

344 248 403 279 Ad
427 244 682 278 Matutinum.
1001 236 1044 267 In
1071 236 1102 266 2.
1127 233 1350 265 Nocturno.

410 327 619 356 Invitatorium.
1082 306 1273 341 AnffiPhOUae-

284 388 350 419 Deo
376 384 478 416 cuncti
500 382 672 418 iubilemus,
888 374 917 405 1.
943 373 1039 404 Mane
1062 372 1129 403 Deo
1154 371 1330 409 astiterunt,

330 433 381 471 qui
407 432 516 461 cuncta
540 427 666 464 creavit,
944 419 1031 451 Bona
1056 420 1167 449 cuncta
1192 417 1382 453 didicerunt,

283 479 341 518 Qui
363 478 395 508 in
418 475 511 506 caelis
535 471 672 505 Ioachim
944 465 988 496 Et
1009 465 1042 495 in
1066 464 1114 495 his
1140 463 1302 494 exercitati

331 526 360 554 et
384 523 507 553 Annam
529 518 645 550 beavit.
945 511 1024 542 Sunt
1046 511 1078 541 in
1104 510 1196 541 caelis
1222 507 1379 540 collocati.

887 577 918 607 2.
941 575 1081 617 Domine,
1107 577 1141 605 tu
1164 574 1263 613 gloria

343 634 388 665 In
414 632 444 663 1.
469 630 658 662 Nocturn
669 636 696 660 0.
988 621 1105 660 Magna
1128 619 1283 651 coronasti

945 668 1093 698 Parentes
1119 664 1314 697 christiferae

425 712 614 746 Antiphonae.
988 713 1135 751 Vereque
1158 712 1269 743 beasti.

231 774 261 805 1.
287 773 435 804 Parentes
461 766 656 799 christiferae
890 778 919 809 3·
947 778 1098 809 Parentes
1125 773 1321 807 christiferae

330 817 397 869 Deq
421 815 615 867 placuerunt,
992 823 1070 854 Sunt
1092 821 1283 853 immaculati

284 864 364 895 Nam
387 871 420 893 m
449 869 513 891 ⁹¹⁰5
536 859 655 898 legst'us
945 869 1097 908 Verisque
1120 867 1287 901 virtutibus

330 909 458 946 Semper
481 906 672 937 studuerunt.
991 915 1093 947 Valde
1118 914 1267 954 decorati,

946 962 1029 993 Hinc
1052 962 1084 992 in
1109 959 1310 992 tabernaculo

229 984 259 1014 2.
284 980 490 1019 Disciplinam
513 982 691 1016 tenuerunt,
991 1007 1052 1039 Dei
1077 1007 1219 1039 collocati

287 1028 353 1059 Deo
378 1034 499 1065 semper
523 1026 707 1061 servierunt,

284 1073 371 1104 Bona
394 1080 512 1103 summa
534 1071 721 1101 meruerunt.

1079 1098 1281 1133 Responsoria.

231 1150 261 1180 3.
285 1147 315 1177 A
339 1146 405 1178 Deo
429 1144 623 1184 praecogniti

334 1192 412 1223 Sunt
436 1194 466 1222 et
488 1189 670 1230 praeamati,

281 1239 336 1271 Pio
361 1245 480 1277 quoque
503 1236 629 1268 Domini

336 1284 432 1316 Vultu
455 1282 654 1322 praesignati.

890 1167 919 1197 1.
946 1165 988 1197 Hi
1012 1164 1164 1203 quidquid
1188 1163 1366 1194 habuerunt

993 1211 1036 1242 Et
1060 1212 1207 1249 poterant
1231 1208 1359 1247 habere,

946 1256 983 1287 In
1006 1256 1069 1287 tria
1093 1256 1264 1287 diviserunt

993 1302 1037 1333 Et
1059 1302 1106 1332 sic
1130 1301 1323 1333 distribuere

946 1349 1085 1387 Templo,
1111 1347 1180 1385 sibi,
1208 1346 1409 1388 pauperibus,

946 1394 1019 1425 Istis
1046 1394 1249 1425 divisionibus

995 1440 1173 1479 Peroptime
1196 1440 1353 1470 vixerunt.

878 1489 912 1520 V.
946 1486 1060 1518 Sancte
1084 1485 1240 1524 vixerunt,

992 1536 1027 1563 ut
1054 1541 1105 1564 eos
1128 1535 1234 1572 patres
1261 1532 1440 1564 docuerunt.

413 1365 614 1399 Responsoria.

231 1425 260 1457 1.
285 1423 405 1455 Felices
429 1419 571 1451 felicibus

289 1468 367 1500 Sunt
390 1476 428 1498 ex
452 1466 641 1506 genitoribus

333 1513 469 1545 Ioachim
494 1515 525 1543 et
547 1513 649 1550 Anna,

288 1561 421 1598 Quorum
444 1561 518 1589 nata
540 1559 661 1597 dignior

288 1606 473 1644 (iunctisque
495 1604 618 1636 beatior
889 1599 921 1629 2.
946 1597 1198 1629 Patriarcharum
1221 1597 1347 1636 semine,

335 1651 433 1683 Nobis
459 1651 547 1682 dedit
569 1659 691 1691 manna,
949 1643 1174 1682 Prophetarum
1198 1643 1327 1682 origine,

218 1698 256 1730 V.
286 1697 361 1729 Nati
384 1697 481 1736 regali
947 1690 1067 1729 Regum
1091 1692 1184 1728 atque
1210 1687 1391 1727 pontificum

336 1744 434 1781 stirpe
457 1750 576 1781 quoque
600 1740 782 1780 pontificali.
949 1736 1053 1767 Genus
1077 1738 1187 1767 vernat
1209 1734 1418 1777 magnificum,

327 1817 333 1823 ,
489 1816 495 1822 ,
948 1782 1041 1814 Unde
1062 1782 1149 1821 virgo
1175 1781 1357 1822 concipitur,

233 1820 264 1850 2·
289 1817 394 1855 serpe
418 1816 521 1868 nawa
546 1816 631 1847 clara
771 1862 778 1868 ,
949 1829 1034 1867 Quae
1057 1828 1173 1860 ehn'sti
1196 1834 1297 1859 mater
1322 1828 1457 1867 eligitur.

334 1863 480 1901 Ioachim,
505 1862 617 1900 Ioseph
642 1864 790 1901 generati,
880 1874 917 1905 V·
947 1874 1069 1905 Nobffis
1094 1877 1125 1905 et
1146 1875 1231 1905 clara

288 1909 386 1940 ΝΟΜ
412 1909 517 1940 dlvma
796 1955 803 1960 ,
995 1921 1090 1960 stirps
1126 1923 1175 1952 est
1204 1920 1338 1952 Domino
1370 1929 1491 1960 quoque

334 1958 494 1994 praestent
505 1955 596 1985 modo
611 1954 692 1986 dona
703 1958 824 1995 rogati,
1333 1975 1405 1998 Gara

219 2003 258 2034 V.
288 2001 331 2033 Hi
355 2003 427 2031 sunt
450 2000 583 2032 mirandi

334 2047 499 2078 virtutibus
523 2055 560 2077 ac
581 2046 733 2080 imitandi·
898 2033 929 2064 3.
955 2031 1057 2070 Stirps
1081 2031 1186 2062 David
1211 2034 1304 2069 atque
1328 2031 1406 2062 Levi

996 2078 1067 2116 plus
1090 2077 1185 2117 digni,
1210 2077 1282 2116 plus
1306 2079 1337 2107 et
1360 2077 1467 2118 amati,

234 2124 265 2155 3.
290 2122 376 2153 Inter
400 2121 504 2160 plures
528 2123 618 2152 natos
641 2120 745 2152 David
952 2124 1082 2162 Semper
1107 2124 1248 2162 coniugia

337 2167 462 2197 Nathan
485 2170 673 2206 numeratur,
1000 2168 1124 2200 fuerant
1147 2170 1278 2200 miscere
1301 2169 1414 2211 parati,

290 2214 354 2252 Quo
380 2213 540 2244 descendit
563 2213 710 2252 Ioachim,
952 2215 1034 2246 Hinc
1059 2218 1090 2245 et
1114 2216 1238 2255 cognati

335 2259 400 2296 Quo
424 2259 528 2290 Maria
552 2259 652 2293 datur.
996 2260 1121 2293 fuerant
1145 2263 1231 2301 quasi
1255 2263 1324 2293 iure
1345 2262 1455 2296 notati.

222 2307 258 2340 V.
290 2306 395 2344 Stirpe
418 2306 473 2336 sed
499 2313 536 2336 ex
559 2306 666 2337 Aaron
883 2309 921 2340 V.
951 2307 1009 2338 His
1034 2307 1170 2338 Ioachim
1196 2311 1287 2340 natus

337 2348 563 2395 [descenderat]
589 2353 681 2384 Anna
704 2353 805 2386 beata.
998 2352 1058 2385 fuit
1073 2355 1167 2386 Anna
1180 2355 1356 2395 Iosephque
1371 2354 1493 2388 beatus.
