1650 2542
745 139 995 173 —244—

239 239 269 270 3.
295 236 465 268 Revelante
489 235 548 267 sibi
572 234 639 266 Deo

352 283 438 314 venit
459 281 670 321 Aquitaniam,

309 328 433 367 Caenos,
451 328 571 366 surdos,
589 329 699 364 mutos,
719 324 844 355 claudos

353 375 458 413 plures
479 381 591 404 sanans
615 381 672 411 per
695 371 785 404 viam.

440 463 641 498 Responsoria.

250 531 281 564 1.
306 532 405 562 Homo
428 530 488 561 Dei
512 538 531 560 a
555 528 681 559 caelesti

238 1164 274 1197 V.

351 576 549 607 transmissus
573 574 698 606 oraculo

307 622 446 654 Salvavit
469 621 607 660 reginam
634 620 701 651 dire

352 667 460 698 mortis
484 676 503 698 a
526 667 675 705 periculo,

305 714 464 754 Quomam
478 713 567 744 Deus
591 715 659 744 erat
678 721 750 743 cum
765 711 845 750 ipso.

307 797 525 828 Revertentem
549 795 747 834 peregrinum

352 852 370 873 a
394 843 492 873 sancti
518 842 667 873 memoria

306 888 456 920 Homines
480 888 634 927 malignae
657 887 768 918 mentis

354 936 498 973 torquent
521 934 554 965 in
578 933 737 973 Alvernia,

307 981 514 1020 Flagellatum
535 980 685 1011 carcerali

355 1028 493 1058 artantes
516 1026 665 1063 custodia,

308 1073 403 1110 Quem
427 1072 534 1103 eduxit
554 1072 603 1103 vir
626 1071 735 1102 beatus

352 1119 386 1149 in
409 1117 484 1149 forti
506 1118 655 1156 potentia.

305 1164 330 1196 O
365 1164 451 1194 mira
486 1173 559 1203 crya
592 1164 745 1195 miserum
781 1163 846 1195 eius

305 1210 542 1242 misericordiae
562 1210 691 1241 viscera.

250 1294 280 1325 3.
304 1293 328 1324 O
353 1294 443 1331 pater
462 1292 603 1334 insignis,

241 1568 276 1600 V.

353 1338 484 1369 rutilans
508 1347 566 1377 per
593 1339 716 1370 saecula
739 1338 845 1378 signis,

308 1385 363 1425 Te,
391 1385 439 1415 cui
463 1387 536 1415 vota
560 1385 678 1424 damus,

354 1430 539 1461 Leonharde
566 1431 667 1471 beate,
693 1440 846 1470 rogamUS,

306 1475 407 1507 Aufer
430 1476 469 1507 ab
492 1476 540 1507 his
564 1485 690 1515 poenaS,

352 1523 385 1553 in
410 1530 535 1553 carcere
558 1523 645 1554 solve
670 1525 811 1562 catenas;

304 1568 382 1599 Esto
406 1576 524 1599 memor
547 1577 726 1608 memorum,

352 1622 449 1645 nexus
475 1614 610 1646 dissolve
634 1623 767 1654 reorum,

307 1660 436 1699 Simque
456 1661 683 1699 triumphantes

354 1707 459 1738 natale
483 1710 570 1738 tuum
593 1710 786 1740 venerantes.

390 1847 435 1879 In
468 1846 694 1879 Laudibus.

450 1929 640 1965 Antiphonae.

273 2021 279 2028 .
306 1996 330 2028 Ο
355 1996 455 2027 sancti
478 1996 658 2029 Leonhardi

308 2042 555 2074 Praedicandam
578 2043 784 2084 clementiam,

308 2088 366 2126 Qui
391 2089 475 2129 apud
499 2088 607 2119 urbem
632 2089 784 2120 Nanetem

307 2134 473 2166 Hominem
496 2135 537 2166 ad
562 2143 596 2165 se
620 2135 803 2167 clamantem

308 2180 495 2211 Videntibus
520 2180 700 2212 custodibus

307 2226 364 2257 Pie
388 2225 482 2256 solvit
505 2235 525 2256 a
549 2234 684 2257 carcere.

251 2311 282 2341 2.
308 2309 332 2340 Ο
356 2311 471 2347 quanto
496 2307 633 2347 tripudio

355 2354 404 2387 vir
424 2353 480 2385 ille
502 2353 679 2385 laudandus
704 2355 759 2391 est,

968 231 1026 270 Qui
1050 229 1090 261 ad
1115 228 1239 261 fidelem
1263 237 1350 260 suum

1016 285 1084 307 cum
1110 276 1181 306 luce
1203 275 1344 313 intravit,

971 324 1095 360 Arcam,
1120 322 1152 353 in
1178 331 1238 361 qua
1259 321 1393 360 iacebat,

1017 377 1112 409 super
1137 368 1280 400 custodes
1304 367 1440 399 revolvit

972 417 1016 448 Et
1038 415 1126 455 quasi
1149 417 1286 446 mortuos

1016 463 1049 493 in
1072 461 1215 501 sepulcro
1240 460 1390 500 reposuit,

972 509 1116 540 Vinctum
1141 507 1258 540 eduxit.

940 619 946 625 .
973 592 997 624 O
1022 592 1123 624 virum
1143 590 1327 629 mirabilem,

973 638 1066 671 Cuius
1091 639 1168 668 nutu
1191 637 1374 676 peregrinus

1016 683 1199 722 absolvitur,

972 730 1108 763 Casteuo
1130 731 1294 760 corruente

1016 777 1149 808 scelesta
1171 776 1262 814 plebs
1287 775 1439 815 obruitur,

968 824 1132 863 Tyrannus
1157 820 1267 853 fractis

1019 868 1162 901 cruribus
1187 870 1375 901 reservatur.

939 978 945 985 .
973 953 997 984 O
1022 951 1123 982 virum
1147 960 1205 990 per
1229 951 1354 983 saecula

973 998 1159 1037 Gloriosum,
1185 997 1238 1036 qui
1263 1000 1294 1028 et
1319 1006 1410 1029 caeco

971 1044 1185 1084 Pauperculae
1208 1042 1272 1074 filio

972 1091 1092 1122 Lumen
1116 1090 1276 1128 reparavit

972 1137 1015 1169 Et
1040 1136 1079 1167 de
1104 1144 1235 1175 corpore

968 1181 1109 1215 Infelicis
1133 1182 1269 1213 feminae

969 1229 1095 1267 Septem
1119 1228 1281 1260 daemonia

969 1274 1135 1314 Effugavit.

940 1384 946 1390 .
973 1359 997 1390 O
1024 1367 1115 1396 quam
1144 1357 1225 1396 pius,
1253 1366 1344 1396 quam
1368 1357 1518 1396 benignus

972 1404 1033 1435 Est
1055 1403 1164 1434 beatus
1188 1403 1406 1443 Leonhardus,

973 1450 1031 1489 Qui
1055 1451 1087 1480 et
1109 1449 1295 1480 Rhodanum

974 1495 1180 1527 Inundantem
1206 1496 1365 1535 separavit

973 1542 1026 1581 Et,
1051 1544 1087 1572 ut
1110 1542 1201 1572 siccis
1225 1542 1365 1581 vestigiis

976 1589 1035 1619 Per
1058 1588 1192 1619 medium
1218 1589 1411 1628 graderetur,

975 1634 1037 1667 Suo
1061 1633 1149 1665 fideli
1176 1634 1353 1674 imperavit.

1032 1766 1093 1797 Ad
1117 1765 1389 1797 Benedictus.

938 1874 945 1882 .
976 1850 1000 1882 Ο
1026 1849 1176 1881 virtutum
1201 1849 1345 1889 Domine,

975 1896 1039 1928 Per
1062 1896 1188 1927 saecula
1212 1895 1424 1928 benedicimus
1448 1900 1490 1936 te,

977 1943 1036 1981 Qui
1059 1941 1176 1974 famulo
1202 1945 1254 1973 tuo
1279 1942 1467 1974 Leonhardo

978 1988 1163 2028 Specialiter
1189 1988 1304 2019 dedisti
1328 1988 1360 2018 in
1396 1997 1523 2020 carcere

977 2035 1110 2067 Gatenas
1135 2033 1339 2071 confringere,

977 2080 1127 2113 Sedentes
1150 2080 1183 2109 in
1207 2078 1345 2109 tenebris

977 2126 1028 2157 Ad
1052 2126 1155 2155 lumen
1180 2124 1322 2163 educere,

976 2171 1139 2202 Desolatos
1164 2169 1315 2209 relevare,

974 2216 1113 2255 Dignare

975 2261 1102 2293 Plebem
1127 2262 1212 2293 tuam

973 2307 1051 2345 Ejus
1074 2306 1298 2340 intercessione
1341 2317 1344 2320 ·

973 2353 1010 2384 In
1033 2360 1111 2391 pace
1135 2353 1274 2389 visitare.
