1650 2542
272 221 307 252 2.
328 217 510 257 Speculator
535 214 727 254 evangelicus

324 264 462 295 Montcm
489 262 608 294 scandit
628 261 736 292 doctor
752 257 859 296 mysti-

640 315 701 347 cus,

326 356 418 395 Pugil
442 354 516 386 fidei
539 351 730 392 magnificus,

324 402 415 433 Felix
440 403 638 432 conver-sator
663 398 804 433 caelicus,

324 448 438 479 Divino
463 450 553 486 gustu
578 444 747 476 famelicus

255 495 291 525 V.
321 494 372 525 Ad
397 493 477 524 atria
499 500 634 530 superna

367 539 573 576 Hieronymus
598 535 729 575 aspexit,

321 586 415 624 Quem
440 584 553 614 caritas
577 590 712 621 superna

368 629 466 670 Quam
492 629 600 660 crebro
625 636 743 658 sursum
761 626 856 658 vexit.

266 689 296 720 3.
321 686 433 718 Mundi
446 685 603 725 splendor,
619 683 735 716 Christi
745 681 857 723 facula,

321 732 380 773 Eu,
405 732 552 771 propinat
576 730 657 762 vitae
680 729 801 768 pocula,

325 778 441 809 Contra
464 785 572 808 saevos
597 776 699 807 tendit
722 775 824 806 iacula

320 823 382 854 Per
406 823 479 855 fidei
501 821 742 863 propugnacula,

324 871 461 909 Purgans
486 869 623 900 haeresis
646 868 778 906 piacula.

257 916 292 948 V.
321 915 403 947 Nam
427 915 554 947 verbum
579 914 719 946 veritatis

366 961 575 1000 Hieronymus
601 959 720 991 efflavit

321 1009 501 1047 Dogmaque
521 1006 665 1038 falsitatis

366 1054 548 1092 Asperrime
574 1052 741 1084 damnavit.

381 1193 423 1223 In
451 1193 481 1223 2.
507 1191 730 1223 Nocturno.

457 1273 645 1308 Antiphonae.

267 1340 295 1371 1.
322 1340 387 1371 Iam
414 1340 528 1370 deserti
553 1338 693 1378 speciosa

369 1386 554 1416 vernantius
577 1385 791 1424 pinguescunt,

321 1432 412 1470 Arta,
439 1431 536 1462 cruda
560 1432 629 1463 dum
655 1431 783 1469 spinosa

367 1477 557 1516 Hieronymo
583 1477 772 1508 dulcescunt.

267 1535 296 1565 2.
322 1533 472 1564 Ferarum
496 1541 555 1564 non
580 1533 737 1564 hominum

366 1579 554 1618 Hieronymo
579 1579 799 1619 spectaculum,

322 1628 468 1657 Ainarum
494 1634 531 1656 ac
551 1625 710 1656 horridum

368 1671 518 1702 Placebat
543 1671 759 1702 habitaculum.

268 1728 298 1759 3.
324 1726 453 1757 Dulcem
478 1728 599 1764 pastum
625 1724 752 1756 frutices

368 1771 567 1811 Arbustaque
592 1772 754 1810 dederunt,

321 1818 443 1857 Aquam
464 1818 525 1848 sibi
547 1818 655 1848 latices

371 1864 542 1895 Potandam
567 1864 785 1903 praebuerunt.

451 1948 653 1982 Responsoria.

271 2013 301 2044 1.
325 2013 439 2044 Faunis
464 2022 535 2044 raro
560 2013 661 2051 libuit,

324 2061 450 2090 Coctum
475 2059 549 2097 quid
574 2059 736 2090 abhorruit

367 2105 485 2136 Doctor
508 2108 611 2135 mente
635 2114 722 2145 pura,

322 2150 429 2182 Mollis
453 2153 570 2182 stratus
595 2152 693 2189 viluit,

326 2197 490 2237 Nunquam
514 2198 619 2228 vinum
643 2198 732 2229 licuit

373 2244 409 2275 In
434 2244 494 2274 hac
512 2244 577 2274 vita
602 2244 688 2284 dura,

327 2290 394 2323 Sibi
418 2299 489 2321 nam
512 2290 671 2330 displicuit

375 2337 480 2368 Omnis
505 2341 662 2376 creatura3

916 207 952 239 V.
981 206 1094 238 Totum
1118 204 1230 234 mentis
1253 202 1376 234 oculum

1032 252 1068 283 In
1096 250 1254 283 Christum
1277 248 1371 288 plcnc
1396 244 1465 277 fixit

984 298 1028 329 Et
1051 297 1163 328 amoris
1188 296 1308 326 radium

1031 344 1084 376 Ad
1107 343 1210 382 ipsum
1232 342 1327 382 plane
1347 338 1445 371 flexit.

928 410 958 441 2.
984 409 1066 441 Pelli
1090 407 1279 446 consumptis
1305 403 1450 436 carnibus

984 455 1133 493 Totisque
1156 453 1248 484 lassis
1273 451 1392 483 viribus

1031 501 1108 533 Ossa
1132 499 1344 535 cohaeserunt,

985 548 1066 579 Usta
1089 546 1161 578 solis
1187 544 1352 576 ardoribus

984 593 1163 631 Onustaque
1185 590 1345 622 laboribus

1029 638 1174 670 Membra
1198 637 1385 677 palluerunt,

984 685 1052 716 Nec
1076 686 1216 715 sanctum
1241 692 1260 714 a
1285 682 1439 722 rigoribus

1029 730 1118 762 Haec
1141 730 1371 760 relaxaverunt.

914 777 952 809 V.
980 777 1079 808 Vasta
1102 776 1238 807 solitudo

1030 823 1253 861 Hieronymum
1278 821 1418 863 nutrivit,

983 869 1092 900 Victus
1117 869 1256 900 artitudo

1031 915 1150 955 Corpus
1176 914 1356 945 exinanivit.

926 981 956 1012 3.
982 980 1061 1012 Ossa
1086 979 1159 1010 dum
1185 982 1254 1010 cute
1278 979 1422 1017 squalida

1030 1026 1148 1064 Operta
1171 1025 1383 1063 tabescebant,

985 1072 1202 1112 Complosione
1225 1071 1332 1102 valida

1028 1118 1168 1157 Fragore
1191 1117 1383 1158 strepebant,

985 1164 1160 1202 Christique
1184 1164 1309 1194 laudem
1333 1163 1455 1203 pallida

1030 1209 1083 1240 Sic
1105 1209 1245 1240 membra
1268 1209 1465 1241 resonabant.

915 1256 951 1288 V.
980 1256 1155 1287 Uberrimis
1179 1264 1213 1286 se
1236 1256 1374 1286 lacrimis

1030 1301 1152 1333 Cotidie
1175 1302 1299 1341 rigavit,

982 1348 1153 1379 Acerrimis
1177 1348 1300 1378 ieiuniis

1030 1394 1070 1425 Se
1097 1397 1223 1425 sanctus
1248 1394 1430 1425 maceravit.

1044 1534 1088 1564 In
1115 1534 1145 1565 3.
1171 1533 1396 1564 Nocturno.

1123 1623 1315 1658 Antiphonae.

930 1698 959 1729 1.
985 1699 1067 1729 Acta
1089 1698 1282 1736 paenitentia

1031 1744 1215 1775 Bethlehem
1239 1745 1355 1776 meavit

985 1790 1030 1821 Et
1054 1799 1121 1821 cum
1145 1791 1308 1830 diligentia

1027 1836 1157 1868 Fratres
1181 1837 1340 1869 adunavit.

932 1903 963 1933 2.
989 1902 1161 1941 Coepitque
1185 1902 1336 1933 sincerius

1034 1948 1205 1987 Scripturis
1229 1949 1360 1988 inhiare,

988 1994 1118 2026 Carnem
1142 1997 1217 2026 tunc
1238 1994 1365 2025 uberius

1033 2041 1102 2072 Non
1130 2049 1254 2071 cessans
1278 2041 1453 2081 subiugarc.

934 2107 966 2138 3.
993 2105 1111 2144 Corpus
1137 2105 1176 2136 de
1201 2104 1371 2137 Chaldaico

989 2152 1086 2183 Simul
1111 2154 1143 2181 et
1166 2151 1322 2183 Hebraico

1034 2197 1209 2228 Transtulit
1233 2199 1411 2237 scripturae

987 2244 1119 2275 Sanctus
1145 2244 1195 2274 hic
1217 2244 1438 2288 Hieronymus,

989 2290 1085 2328 Quem
1109 2290 1301 2323 laudandum
1323 2293 1467 2332 ponimus

1037 2336 1127 2368 Omni
1153 2340 1324 2371 creaturae.
