1650 2542
740 136 990 170 -238—

302 230 539 262 Commendatur
563 232 594 261 et
617 231 759 260 servatur

301 276 386 307 Mira
409 285 516 308 vocum
542 275 705 307 dulcedine

300 321 451 352 Functum
472 325 574 353 terrae
597 321 739 361 tegmine.

233 369 267 398 V.
298 367 379 399 Vere
404 368 513 407 dignus
538 367 597 398 hac
621 375 724 406 opera,

297 413 354 451 Qui
379 416 517 444 temnens
542 412 625 443 vitae
650 420 801 450 prospera

297 458 421 497 Martyr
444 457 568 489 scandit
588 457 724 488 aethera.

379 578 424 609 In
447 576 670 607 Laudibus.

431 648 621 684 Antiphonae.

240 705 268 737 1.
295 705 449 744 chnanti
472 705 598 736 laudum
622 705 765 737 modulos

340 750 462 782 Christo
486 750 696 793 profiteamur,

294 797 401 828 Sancti
424 797 573 829 virtutum
597 798 703 829 titulos

339 843 490 882 Martyris
516 852 728 883 exsequamur.

238 899 267 929 2.
295 898 344 929 Ad
376 898 461 929 cuius
485 898 611 930 tumbae
635 898 785 939 refugium

340 943 508 975 Currentes
534 945 653 984 aegroti

290 989 406 1021 Salutis
430 991 621 1033 praesidium

335 1035 466 1067 Sumunt
488 1046 545 1075 spe
570 1037 683 1069 devoti.

234 1092 263 1123 3.
292 1090 352 1122 Hic
375 1091 460 1122 Deus
486 1100 543 1130 per
566 1092 719 1123 miracula

338 1137 422 1175 Quae
446 1136 625 1176 frequenter
649 1139 796 1180 ostendit,

966 227 1006 258 Se
1028 228 1127 258 virtus
1151 228 1184 259 in
1209 227 1335 259 saecula

1008 272 1171 304 Pontificis
1196 273 1346 305 extendit.

930 363 936 369 .
961 336 1060 367 Mutis
1084 337 1222 376 linguam
1247 338 1377 377 reserat,

1010 383 1118 415 Caecis
1142 383 1246 414 lumen
1272 383 1436 422 condonat,

964 428 1092 460 Glaudis
1116 437 1255 468 gressum
1279 430 1403 471 alterat,

1010 475 1146 506 Punctos
1170 474 1234 507 fide
1258 477 1396 507 coronat.

928 563 935 571 .
960 539 1044 571 Hinc
1068 540 1109 571 ad
1133 539 1194 571 viri
1215 540 1348 579 gloriam

1008 585 1128 617 Eodem
1152 586 1185 617 in
1208 588 1293 617 statu

962 631 1063 663 Struit
1086 632 1175 671 plebs
1201 633 1365 664 ecclesiam

1008 678 1142 710 Pulchro
1167 679 1317 711 tabulatu.

1075 788 1121 815 Ad
1141 789 1324 817 Benedictus.

924 888 930 894 .
962 863 1218 902 Congratulemur
1240 865 1334 896 hodie

962 909 1123 940 Lamberti
1146 911 1314 942 memoriae

1006 956 1209 995 Triumphum
1234 960 1369 1000 agentes,

959 1001 1004 1033 Ut
1029 1002 1068 1033 ab
1093 1002 1192 1034 hostis
1215 1004 1282 1035 acie

961 1047 1026 1079 Nos
1052 1051 1175 1088 ereptos
1199 1051 1321 1089 gratiae

958 1094 1038 1125 Diae
1061 1095 1114 1134 pie

1007 1140 1209 1173 Commendet
1231 1145 1385 1180 petentes.

296 1229 379 1255 Brev.
406 1237 459 1255 ms.
479 1229 705 1257 Manasteriense
732 1239 804 1258 saec.
829 1230 870 1258 15.
911 1231 978 1258 eod.
999 1232 1204 1259 Monasterien.
1229 1230 1282 1260 201
1309 1231 1392 1267 (204).
1413 1234 1446 1260 A.
1469 1248 1503 1252 —

219 1264 264 1291 Br«
281 1273 302 1290 v.
326 1266 552 1293 Menanter-ieme
573 1268 640 1301 imp.
661 1276 681 1294 s.
702 1267 722 1294 1.
742 1276 817 1294 anno
840 1266 919 1295 1489.
939 1268 972 1295 Β.
995 1284 1028 1286 -
1051 1269 1169 1302 Antiph.
1188 1270 1416 1297 Monasteriense
1435 1272 1503 1306 imp.

219 1309 241 1327 s.
262 1302 280 1328 1.
302 1305 331 1329 et
349 1310 374 1329 a.
396 1302 425 1329 C.
454 1318 489 1322 —
515 1304 554 1329 In
571 1301 595 1330 2.
615 1304 715 1330 Notat.
737 1302 757 1329 R
782 1302 805 1337 1,
826 1302 844 1332 3
864 1304 998 1332 Stabulos
1020 1306 1159 1333 coenobio
1177 1306 1211 1333 A.
1231 1321 1269 1325 -—
1296 1308 1337 1334 In
1356 1305 1382 1334 3.
1402 1308 1503 1334 Noct.

219 1335 241 1363 Α
262 1336 287 1371 2,
301 1337 320 1365 4
337 1340 465 1366 Damnat
482 1340 554 1366 fehlt
571 1340 604 1366 A.
625 1355 662 1359 —-
681 1341 720 1368 In
739 1339 765 1367 2.
785 1342 890 1377 Vesp.
911 1342 947 1369 ad
958 1343 1056 1378 Magn.
1071 1341 1092 1368 Α
1107 1344 1215 1379 Magna
1227 1353 1284 1371 vox
1298 1344 1384 1372 laude
1399 1353 1505 1372 sonora

223 1377 275 1401 etc.
295 1377 350 1402 wie
368 1377 399 1402 in
421 1374 445 1402 1.
462 1376 549 1411 Vesp-

641 1524 688 1554 82.
721 1524 764 1555 De
784 1525 889 1556 sancto
909 1525 1086 1557 Laurentio.

355 1617 400 1648 In
427 1617 456 1650 1.
482 1619 695 1658 Vesperis.

396 1698 487 1735 Super
506 1701 646 1728 Psalmos.

217 1763 256 1794 A.
287 1763 400 1795 Sancte
421 1763 570 1796 Laurenti

330 1808 490 1841 intercede
512 1820 570 1850 pro
594 1812 693 1854 nobis,

286 1855 333 1888 Ut
357 1858 513 1888 consortes

329 1902 446 1941 gloriae
469 1906 646 1935 sanctorum

284 1948 398 1978 Tecum
426 1948 506 1980 effici

331 2003 513 2034 mereamur,
540 1996 676 2029 alleluia.

214 2067 251 2100 R.
279 2067 410 2109 Laurea,
436 2068 596 2108 Laurenti,

328 2114 484 2152 praeclari
509 2115 603 2154 digna
625 2116 785 2156 triumphi,

284 2159 416 2190 Nomine
440 2169 499 2199 quo
521 2169 655 2204 resonas,

327 2205 390 2236 iam
430 2208 462 2236 te
501 2215 595 2246 super
630 2211 716 2241 astra
750 2219 822 2249 per-

599 2258 706 2295 ornat3

281 2298 382 2340 Salve,
410 2306 480 2329 care
505 2298 573 2338 Dei,

328 2353 383 2376 nos
409 2347 440 2375 et
463 2345 609 2384 conquire
632 2347 735 2390 saluti,

884 1622 920 1652 V.
951 1622 1081 1654 Victrici
1107 1625 1172 1654 tota

999 1669 1079 1699 caeli
1101 1669 1272 1708 plaudente
1298 1670 1411 1702 chorea

952 1714 1029 1746 Cum
1052 1715 1158 1753 palma
1183 1716 1287 1747 divum

996 1761 1097 1792 laetus
1122 1761 1191 1792 adis
1216 1763 1337 1795 solium.

1067 1833 1113 1860 Ad
1130 1834 1307 1869 Mag-nificat.

881 1889 922 1920 A.
954 1888 1007 1920 Au
1030 1892 1071 1932 te,
1104 1890 1235 1934 Christe,
1261 1891 1309 1922 fin
1335 1892 1402 1930 Dei,

949 1935 1002 1966 Ad
1026 1938 1058 1966 te
1083 1936 1218 1968 clamant
1242 1947 1347 1969 omnes
1371 1939 1427 1977 rei,

995 1981 1041 2013 Ut
1062 1982 1096 2013 in
1120 1983 1180 2014 hoc
1201 1984 1285 2015 vitae
1307 1985 1412 2017 stadio

950 2028 1065 2059 Fessos
1089 2029 1174 2060 idem
1196 2030 1367 2068 paraclitus

949 2073 1103 2106 Refoveat
1127 2075 1286 2115 divinitus,

995 2121 1053 2159 Qui
1079 2121 1191 2153 ditavit
1212 2123 1364 2162 martyrio

994 2166 1196 2200 Laurentium
1220 2168 1358 2212 levitam,

948 2213 1086 2244 Mentem
1109 2213 1262 2245 iacentem
1286 2216 1392 2248 visitet

994 2259 1038 2290 Et
1063 2260 1192 2291 suscitet
1215 2263 1368 2304 sopitam3

949 2305 973 2337 Ο
999 2314 1090 2344 quam
1115 2305 1192 2338 felix
1216 2310 1412 2351 martyrium,

948 2351 1037 2390 Quod
1061 2361 1212 2385 summum
1231 2356 1317 2394 parit
1334 2358 1493 2397 gaudium.
